% This file was created with JabRef 2.5.
% Encoding: ISO8859_1

@BOOK{AMT,
  title = {Active Platform Management Demystified},
  publisher = {Intel Press},
  year = {2009},
  author = {Arvind Kumar and Purushottam Goel and Ylian Saint-Hilaire}
}

@BOOK{Intel-Platform-sec,
  title = {The Intel SaferComputing Initiative},
  publisher = {Intel Press},
  year = {2005},
  author = {David Grawrock},
  note = {ISBN 0-9764832-6-2}
}

@TECHREPORT{vt-d-2008,
  author = {Intel},
  title = {Intel Virtualization Technology for Directed I/O},
  institution = {Intel Corp.},
  year = {2008},
  address = {\url{ftp://download.intel.com/technology/computing/vptech/Intel(r)_VT_for_Direct_IO.pdf}},
  month = sep,
}

@INPROCEEDINGS{usenix-arbaugh-04,
  author = {{Petroni Jr.}, Nick L. and Tim Fraser and Jesus Molina and William A. Arbaugh},
  title = {Copilot: A Coprocessor-based Kernel Runtime Integrity Monitor},
  booktitle = {Proceedings of the 13th USENIX Security Symposium},
  year = {2004},
  pages = {179--194},
  month = aug,
}

@UNPUBLISHED{dma-attack,
  author = {Joanna Rutkowska},
  title = {Beyond The {CPU}: Defeating Hardware Based {RAM} Acquisition Tools (Part
	{I}: {AMD} case)},
  note = {BlackHat - DC},
  month = feb,
  year = {2007}
}

@MISC{blue-pill,
  title = {Blue Pill Project},
  note = {\url{http://www.bluepillproject.org}},
  url = {http://www.bluepillproject.org}
}

@MISC{TPM,
  title = {{Trusted Platform Module Specifications}},
  howpublished = {Trusted Computing Group},
  note = {\url{http://www.trustedcomputinggroup.org/developers/trusted_platform_module/specifications}},
  key = {Trusted Computing Group}
}

@MISC{eFuse,
  title = {Motorola responds to Droid X bootloader controversy},
  howpublished = {www.engadget.com},
  note = {\url{http://www.engadget.com/2010/07/16/motorola-responds-to-droid-x-bootloader-controversy-says-efuse/}},
  key = {Engadget}
}


@MISC{GHC,
  title = {{The Glasgow Haskell Compiler}},
  howpublished = {www.haskell.org},
  url = {http://www.haskell.org/ghc/},
  key = {Glasgow}
}

@inproceedings{Klein:2009,
 author = {Klein, Gerwin and Elphinstone, Kevin and Heiser, Gernot and Andronick, June and Cock, David and Derrin, Philip and Elkaduwe, Dhammika and Engelhardt, Kai and Kolanski, Rafal and Norrish, Michael and Sewell, Thomas and Tuch, Harvey and Winwood, Simon},
 title = {{seL4}: Formal verification of an {OS} kernel},
 booktitle = {Proceedings of the 22nd Symposium on Operating Systems Principles (SOSP '09)},
 year = {2009},
 isbn = {978-1-60558-752-3},
 address = {Big Sky, Montana},
 pages = {207--220},
 numpages = {14},
 url = {http://doi.acm.org/10.1145/1629575.1629596},
 doi = {http://doi.acm.org/10.1145/1629575.1629596},
 acmid = {1629596},
 keywords = {isabelle/hol, l4, microkernel, sel4},
} 


@MISC{HaLVM,
  title = {{Haskell Lightweight Virtual Machine}},
  howpublished = {www.halvm.org},
  url = {http://www.halvm.org},
  key = {Haskell}
}

@InProceedings{usenix-arbaugh-2006,
  author = 	 {{Petroni Jr.}, Nick L. and Tim Fraser and William A. Arbaugh},
  title = 	 {An Architecture for Specification Based Detection of Integrity Violations in Kernel Dynamic Data},
  pages = {289--304},
  booktitle = {Proceedings of the 15th USENIX Security Symposium},
  year = "2006",
  month = aug,
}

@InProceedings{molina-icics-02,
  author = 	 {Jesus Molina and William A. Arbaugh},
  title = 	 {Using Independent Auditors as Intrusion Detection}, 
  booktitle = 	 {{Proceedings of the Fourth International Conference on Information and Communications Security}},
  editor =       {Sihan Qing and Feng Bao and Jianying Zhou},
  series =       {LNCS},
  volume =       2513,
  pages =        {291 -- 302},
  year =	 2002
}

@InProceedings{arbaugh-wisa-02,
  author = 	 {William A. Arbaugh},
  title = 	 {Active Systems Management: The Evolution of Firewalls},
  booktitle = 	 {{Invited paper to the Third International Workshop on Information Security Applications}},
  year =	 2002,
  pages =        {19--30},
  month =	 aug,
}

@Article{arbaugh-computer-voting,
  author = 	 {William A. Arbaugh},
  title = 	 {The Real Risk of Digital Voting},
  journal = 	 {IEEE Computer},
  year = 	 2004,
  volume =	 37,
  number =	 12,
  pages =	 {124 -- 125},
  month =	 dec,
}

@Article{arbaugh-computer-patch,
  author = 	 {William A. Arbaugh},
  title = 	 {A Patch in Nine Saves Time},
  journal = 	 {IEEE Computer},
  year = 	 2004,
  volume =	 37,
  number =	 6,
  pages =	 {82 -- 83},
  month =	 jun,
}

@Article{arbaugh-computer-firewall,
  author = 	 {William A. Arbaugh},
  title = 	 {Firewalls: An Outdated Defense},
  journal = 	 {IEEE Computer},
  year = 	 2003,
  volume =	 36,
  number =	 6,
  pages =	 {112 -- 113},
  month =	 {June}
}

@InProceedings{arbaugh-oakland-97,
  author = 	 {William A. Arbaugh and David J. Farber and Jonathan M. Smith},
  title = 	 {{A {S}ecure and {R}eliable {B}ootstrap {A}rchitecture}},
  booktitle = 	 {Proceedings 1997 IEEE Symposium on Security and Privacy},
  year =	 1997,
  month =	 {May},
  pages =	 {65--71}
}
