% This file was created with JabRef 2.5.
% Encoding: ISO8859_1

@INPROCEEDINGS{vABHL03,
  author = {Luis von Ahn and Manuel Blum and Nicholas Hopper and John Langford},
  title = {{CAPTCHA}: Using Hard {AI} Problems for Security},
  booktitle = {Advances in Cryptology---Eurocrypt 2003},
  pages = {294--311},
  year = 2003
}

@INPROCEEDINGS{Golle08,
  author = {Philippe Golle},
  title = {Machine Learning Attacks Against the {Asirra} {CAPTCHA}},
  booktitle = {Proceedings of the 15th ACM Conference on Computer and Communications
	Security (CCS 2008)},
  year = {2008}
}

@INPROCEEDINGS{MoriMalik03,
  author = {Greg Mori and Jitendra Malik},
  title = {Recognizing Objects in Adversarial Clutter: Breaking a {Visual CAPTCHA}},
  booktitle = {IEEE Computer Vision and Pattern Recognition (CVPR)},
  year = {2003},
  pages = {134--141}
}

@MISC{Naor96,
  author = {Moni Naor},
  title = {{Verification of a Human in the Loop, or, {Identification} via the
	{Turing Test}}},
  month = Sep,
  year = {1996},
  day = {13},
  note = {\url{http://www.wisdom.weizmann.ac.il/~naor/PAPERS/human.ps}}
}

@INPROCEEDINGS {Li2010,
  author = { Shujun Li, et al},
  title = { Breaking E-banking Captchas},
  booktitle = {Proceedings of the 26th Annual Computer Security Applications Conference
       (ACSAC 2010)},
  year = {2010}
}

@INPROCEEDINGS {Motoyama2010,
  author={ Marti Motoyama, et al},
  title={Re: CAPTCHAsâ€”Understanding CAPTCHA-Solving Services in an Economic Context},
  booktitle = {Proceedings of the 19th USENIX Security Symposium},
  year = {2010}
}
