@inproceedings{purity-ccs08,
  author = {Matthew Finifter and Adrian Mettler and Naveen Sastry and David Wagner},
  title = {Verifiable Functional Purity in {Java}},
  booktitle = {15th ACM Conference on Computer and Communications Security (CCS '08)},
  year = 2008,
  month = Oct,
}

@inproceedings{dice-iavoss06,
  author = {Arel Cordero and David Wagner and David Dill},
  title = {The Role of Dice in Election Audits---Extended Abstract},
  booktitle = {IAVoSS Workshop On Trustworthy Elections},
  year = 2006,
}

@article{risks-cacm07,
  author = {Matt Bishop and David Wagner},
  title = {Risks of E-voting},
  journal = {Communications of the ACM},
  volume = 50,
  number = 11,
  pages = {120},
  year = 2007,
}

@inproceedings{stopgap-evt08,
  author = {J. Alex Halderman and Eric Rescorla and Hovav Shacham and David Wagner},
  title = {You Go to Elections with the Voting System You Have: Stop-Gap Mitigations for Deployed Voting Systems},
  booktitle = {Proceedings of the 3rd USENIX/ACCURATE Electronic Voting Technology Workshop (EVT'08)},
  year = 2008,
  month = jul,
}

@inproceedings{taint-sws09,
  author = {Erika Chin and David Wagner},
  title = {Efficient Character-level Taint Tracking for {Java}},
  booktitle = "Workshop on Secure Web Services (SWS '09)",
  year = 2009,
  month = nov,
}

@inproceedings{overlays-evt10,
  author = {Arel Cordero and Theron Ji and Alan Tsai and Keaton Mowery and David Wagner},
  title = {Efficient User-Guided Ballot Image Verification},
  booktitle = {Proceedings of the 5th USENIX/ACCURATE Electronic Voting Technology Workshop / Workshop on Trustworthy Elections (EVT/WOTE '08)},
  year = 2010,
  month = aug,
}

@misc{auditlog-daw10,
  author = {David Wagner},
  title = {Voting Systems Audit Log Study},
  note = {Report commissioned by the California Sec. of State},
  url = {http://www.cs.berkeley.edu/~daw/papers/auditlog-ca10.pdf},
  month = jun,
  day = 1,
  year = 2010,
}

@misc{uocava-eac10,
  author = "{U.S. Election Assistance Commission}",
  title = {Uniformed and Overseas Citizens Absentee Voting Act Pilot Program Testing Requirements},
  year = 2010,
  month = mar,
  day = 24,
}

@misc{vvsg2-tgdc07,
  author = "{Technical Guidelines Development Committee}",
  title = {Voluntary Voting System Guidelines Recommendations to the Election Assistance Commission},
  month = aug,
  day = 31,
  year = 2007,
}

@misc{accuvote-ca05,
  author = {Matt Bishop and Loretta Guarino and David Jefferson and David Wagner},
  title = "Analysis of Volume Testing of the AccuVote TSx/AccuView",
  note = {Report of the California Sec. of State's Voting Systems Technology Assessment Advisory Board (VSTAAB)},
  month = oct,
  day = 11,
  year = 2005,
}
