@manual{Epstein2011,
  author=       {Epstein, Jeremy},
  year=         2011,
  title=        {CRAVE: A Challenge Response Application to Voting Electronically},
  note=    {SRI Computer Science Laboratory Technical Report 2011-01}
}

@inproceedings{Popoveniuc2010,
   author = {Popoveniuc, Stefan},
   title = {SpeakUp: remote unsupervised voting}, 
   booktitle = {Applied Cryptography and Network Security (ACNS) 2010 industrial track},
   month = jun,
   year = {2010},
   note = {\url{http://www.popoveniuc.com/papers/SpeakUp.pdf}}
}

@inproceedings{Epstein2011WandM,
  author = {Epstein, Jeremy},
  title = {Internet Voting, Security, and Privacy},
  booktitle = {William and Mary Bill of Rights Journal},
  month = mar,
  year = {2011}
}

@inproceedings{Epstein2009,
  author = {Epstein, Jeremy},
  title = {Internet Voting: Will We Cast Our Next Votes Online?},
  booktitle = {ACM Computing Reviews},
  month = dec,
  year = { 2009}
}

@inproceedings{Chaum2001,
  author=       {Chaum, David},
  year=         2001,
  title=        {SureVote: Technical Overview},
  booktitle=    {2001 Workshop on Trustworthy Elections (WOTE '01)},
}

@manual{Tennent2011, 
  author = {Tennent, Natalie},
  title = {Testimony to the Commitee on House Administration, Hearing: Effectiveness of the MOVE Act in the 2010 Election},
  month = feb,
  year = {2011},
  note = {Video at: \url{http://cha.house.gov/index.php?option=com_content&task=view&id=363&Itemid=381}},

}

@manual{USACMvoting,
   organization = {USACM},
   year = 2010, 
   title = {Issue Brief: Internet Voting and Uniformed and Overseas Citizens Absentee Voters},
   note = {\url {http://usacm.acm.org/usacm/PDF/IB_Internet_Voting_UOCAVA.pdf}}
}
