% This file was created with JabRef 2.5.
% Encoding: ISO8859_1

@INPROCEEDINGS{Benaloh1994,
  author = {Josh Benaloh and D. Tuinstra},
  title = {Receipt-Free Secret-Ballot Elections},
  booktitle = {STOC '94: ACM Symposium on the Theory of Computing},
  year = {1994}
}

@ARTICLE{ChevalierWarynski2006,
  author = {Michel Chevallier and Michel Warynski and Alain Sandoz},
  title = {Success Factors of {Geneva's} e-Voting Systems},
  journal = {The Electronic Journal of e-Government},
  year = {2006},
  volume = {4},
  number = {2}
}

@TECHREPORT{Estonia2005,
  author = {{Estonian National Election Commission}},
  title = {E-Voting System Overview},
  institution = {National Election Commission, Tallinn, Estonia},
  year = {2005}
}

@TECHREPORT{HubbersJacobs2008,
  author = {Engelbert Hubbers and Bart Jacobs and Berry Schoenmakers and Henk
	van Tillborg and Benne de Weger},
  title = {Description and Analysis of the {RIES} Internet Voting System},
  institution = {Eindhoven Institute for the Protection of Systems and Information},
  year = {2008},
  month = jun,
}

@INCOLLECTION{DWJones2010,
  author = {Douglas W. Jones},
  title = {On Optical Mark-Sense Scanning},
  booktitle = {Towards Trustworthy Elections},
  publisher = {Springer},
  year = {2010},
  editor = {David Chaum and Ron Rivest}
}

@InCollection{DWJones2010b,
  author = {Douglas W. Jones},
  booktitle = {Use of Technology in the Election Process},
  publisher = {IFES},
  year = {2010},
  title = {Electronic Voting in {Kazakhstan}}
}

@InCollection{DWJones2007,
  author = {Douglas W. Jones},
  booktitle = {From Power Outages to Paper Trails},
  publisher = {IFES},
  year = {2007},
  title = {Perspectives on Electronic Voting}
}

@InProceedings{DWJones2010c,
  author = {Douglas W. Jones},
  title = {Internet Voting for {UOCAVA} Voters
		-- Note on the Relevance of {European} Experience},
  booktitle = {Workshop on UOCAVA Remote Voting Systems},
  publisher = {NIST},
  year = {2010}
}

@INPROCEEDINGS{DWJones2009,
  author = {Douglas W. Jones},
  title = {Early Requirements for Mechanical Voting Systems},
  booktitle = {RE-Vote'09: First International Workshop on Requirements Engineering
	for E-Voting Systems},
  year = {2009}
}

@MISC{DWJones2006,
  author = {Douglas W. Jones},
  title = {{{U.S.} Patent 7,134,597: Handicapped Access to Mark-Sense Ballots}},
  month = nov,
  year = {2006},
  day = {14}
}

@ARTICLE{Kelly1984,
  author = {J. F. Kelly},
  title = {An Iterative Design Methodology for User-Friendly Natural Language
	Office Information Applications},
  journal = {ACM Trans. on Office Information Systems},
  year = {1984},
  volume = {2},
  number = {1},
  month = mar,
}

@INPROCEEDINGS{AMascher2009,
  author = {Andrea L. Mascher and Paul T. Cotton and Douglas W. Jones},
  title = {Improving Voting System Event Logs},
  booktitle = {RE-Vote'09: First International Workshop on Requirements Engineering
	for E-Voting Systems},
  year = {2009}
}

@INPROCEEDINGS{AMascher2009a,
  author = {Andrea L. Mascher and Paul T. Cotton and Douglas W. Jones},
  title = {Recommendations for Voting System Event Log Contents and Semantics},
  booktitle = {NIST Workshop on a Common Data Format
		for Electronic Voting Systems},
  year = {2009}
}

@INPROCEEDINGS{AMascher2010,
  author = {Andrea L. Mascher and Paul T. Cotton and Douglas W. Jones},
  title = {Towards Publishable Event Logs that Reveal Touchscreen Faults},
  booktitle = {EVT/WOTE'10: Electronic Voting Technology Workshop /
	Workshop on Trustworthy Elections},
  year = {2010}
}

@INPROCEEDINGS{AMascher2010a,
  author = {Andrea L. Mascher and Paul T. Cotton and Douglas W. Jones},
  title = {Vote-O-Graph: A dishonest touchscreen voting systemr,
		extended abstract},
  booktitle = {CHI 2010: 28th International Conference on Human Factors
	in Computing Systems},
  year = {2010}
}

@BOOK{Norden2006,
  title = {The Machinery of Democracy -- Accessibility},
  publisher = {Brennan Center for Justice at The New York University School of Law},
  year = {2006},
  author = {Lawrence Norden and Jeremy M. Creelan and Ana Munoz and Whitney Quesenbery}
}

@BOOK{Runyan2007,
  title = {Accessibility Review Report for {California} Top-to-Bottom Voting
	Systems Review},
  publisher = {California Sec. of State},
  year = {2007},
  author = {Noel Runyan and Jim Tobias},
  month = jul,
  day = {26}
}

@ARTICLE{Vanderheiden2004,
  author = {G C Vanderheiden},
  title = {Using extended and enhanced usability ({EEU}) to provide access to
	mainstream electronic voting machines},
  journal = {Information Technology and Disabilities},
  year = {2004},
  volume = {10},
  number = {2},
  month = dec,
}

@INPROCEEDINGS{CorderoWagner2008,
  author = {David Wagner and Arel Cordero},
  title = {Replayable Voting Machine Audit Logs},
  booktitle = {Proceedings of EVT'08, 3rd USENIX/ACCURATE Electronic Voting Workshop},
  year = {2008},
  month = jul,
}

@INPROCEEDINGS{JonesBowersox2006,
  author = {Douglas W. Jones and Tom C. Bowersox},
  title = {Secure Data Export and Auditing using Data Diodes},
  booktitle = {Proceedings of EVT'06, USENIX/ACCURATE Electronic Voting Workshop},
  year = {2006},
  month = aug,
}

@INPROCEEDINGS{JonesE2E2009,
  author = {Douglas W Jones},
  title	= {Some Problems with End-to-End Voting},
  booktitle = {NIST Workshop on End-to-End Voting Systems},
  month = oct,
  year = {2009}
}

@INPROCEEDINGS{EpsteinE2E2009,
  author = {Jeremy Epstein},
  title	= {End to End Cryptographic Internet Voting Considered Harmful},
  booktitle = {NIST Workshop on End-to-End Voting Systems},
  month = oct,
  year = {2009}
}

@MISC{ByrneJones2008,
  author = {Mike Byrne and Tiffany Jastrzembski and Douglas W. Jones
		and Bill Killam and Whitney Quesenbery},
  title = "Voting Systems Would Benefit From More Attention to Human Factors",
  howpublished = "Interview, HFES News, Human Factors and Ergonomics Society",
  month = oct,
  year = {2008}
}


