@inproceedings { dc2011,
 author = { Scott Wolchok and Eric Wustrow and Dawn Isabel and J. Alex Halderman },
 title = { Attacking the {Washington, D.C.} {Internet} Voting System },
 booktitle = {Proc.\ 16th International Conference on Financial Cryptography and Data Security},
 month = Feb,
 year = 2012
}

@article { dcftt2010,
  author = { J. Alex Halderman },
  title = { Hacking the {D.C.} {Internet} Voting Pilot },
  journal = { Freedom to Tinker },
  note = {\url{http://www.freedom-to-tinker.com/blog/jhalderm/hacking-dc-internet-voting-pilot}},
  day = 5,
  month = oct,
  year = 2011
}

@inproceedings{ india-ccs10,
  author = {Scott Wolchok and Eric Wustrow and J. Alex Halderman and Hari K. Prasad and Arun Kankipati and Sai Krishna Sakhamuri and Vasavya Yagati and Rop Gonggrijp},
  title = {Security Analysis of {I}ndia's Electronic Voting Machines},
  booktitle = "Proc.\ 17th {ACM} {C}onference on {C}omputer and {C}ommunications {S}ecurity ({CCS})",
  location = "Chicago, IL",
  month = Oct,
  year = 2010
}

@inproceedings{ avc-evt09, 
    author = {Stephen Checkoway and Ariel J. Feldman and Brian Kantor and J. Alex Halderman and Edward W. Felten and Hovav Shacham}, 
    title = {Can {DREs} Provide Long-Lasting Security? {The} Case of Return-Oriented Programming and the {AVC} {Advantage}}, 
    booktitle = {Proceedings of EVT/WOTE 2009}, 
    year = 2009,
    editor = {David Jefferson and Joseph Lorenzo Hall and Tal Moran},
    month = aug, 
    organization = {USENIX/ACCURATE/IAVoSS}
}

@inproceedings{calandrino2008defense,
  title={In defense of pseudorandom sample selection},
  author={Calandrino, J.A. and Halderman, J.A. and Felten, E.W.},
  booktitle={Proceedings of the conference on Electronic voting technology},
  pages={3},
  year={2008},
  organization={USENIX Association}
}

@inproceedings{robinsonethical,
  title={Ethical Issues in E-Voting Security Analysis},
  author={Robinson, D.G. and Halderman, J.A.},
  booktitle={2nd Workshop on Ethics in Computer Security Research},
  year={2011}
}

