% This file was created with JabRef 2.5.
% Encoding: ISO8859_1

@ARTICLE{bonabeau_abm-humans_2002,
  author = {Eric Bonabeau},
  title = {Agent-based modeling: Methods and techniques for simulating human
	systems},
  journal = {Proceedings of the National Academy of Sciences},
  year = {2002},
  volume = {99},
  pages = {7280--7287},
  number = {Suppl 3},
  month = may,
  doi = {10.1073/pnas.082080899},
  shorttitle = {Agent-based modeling},
  url = {http://www.pnas.org/content/99/suppl.3/7280.short}
}

@ARTICLE{calandrino_paper-fingerprinting_2009,
  author = {Joseph A. Calandrino and William Clarkson and Edward W. Felten},
  title = {Some Consequences of Paper Fingerprinting for Elections},
  journal = {{USENIX/ACCURATE/IAVoSS} Electronic Voting Technology {Workshop/Workshop}
	on Trustworthy Elections 2009 {(EVT/WOTE'} 09)},
  year = {2009},
  month = aug,
  url = {http://www.usenix.org/events/evtwote09/tech/full_papers/calandrino.pdf}
}

@article{calandrino_bubble-trouble_2011,
author = {Joseph A. Calandrino and William Clarkson and Edward W. Felten},
title = {Bubble Trouble: Off-Line De-Anonymization of Bubble Forms},
journal = {USENIX Security Symposium},
month = aug,
year = 2011,
note = {To appear}
}
year
@ARTICLE{calandrino_evt07_2007,
  author = {Joseph A. Calandrino and J. Alex Halderman and Edward W. Felten},
  title = {Machine-Assisted Election Auditing},
  journal = {USENIX/ACCURATE Electronic Voting Technology Workshop 2007},
  year = {2007},
  month = aug,
  url = {http://www.usenix.org/events/evt07/tech/full_papers/calandrino/calandrino.pdf}
}

@TECHREPORT{dccouncil_primary-report_2008,
  author = {Mary M Cheh and Phil Mendelson and Harry {Thomas Jr.}},
  title = {Restoring Confidence in the District's Elections: Preliminary Report
	and Recommendations of the Council Board of Elections and Ethics
	Investigation Special Committee},
  institution = {Council of the District of Columbia},
  year = {2008},
  month = oct
}

%  note = {\url{http://www.marycheh.com/Press%20Releases/Report.pdf}}

@manual{hall_auditbiblio,
  author = {Joseph Lorenzo Hall},
  title = {Election Auditing Bibliography},
  organization = {University of California at Berkeley, School of Information / Princeton
	University, Center for Information Technology Policy},
  month = mar,
  year = {2009},
  note = {\url{http://josephhall.org/eamath/bib.pdf}}
}

@inproceedings{hall_RLA-audits_2009,
  author = {Joseph Lorenzo Hall and Luke W. Miratrix and Philip B. Stark and Melvin Briones and Elaine Ginnold and Freddie Oakley and Martin Peaden and Gail Pellerin and Tom Stanionis and Tricia Webber},
  title = {Implementing Risk-Limiting Post-Election Audits in {California}},
  booktitle = {{USENIX/ACCURATE} Electronic Voting Technology Workshop/Workshop
	on Trustworthy Elections 2009 (EVT/WOTE'09)},
  year = {2009},
  month = aug,
  address = {Montreal, Canada},
  url = {http://josephhall.org/papers/rla_evt09.pdf}
}

@INPROCEEDINGS{hinton_prism_2006,
  author = {A. Hinton and M. Kwiatkowska and G. Norman and D. Parker},
  title = {{PRISM}: A Tool for Automatic Verification of Probabilistic Systems},
  booktitle = {Proc. 12th International Conference on Tools and Algorithms for the
	Construction and Analysis of Systems (TACAS'06)},
  year = {2006},
  editor = {H. Hermanns and J. Palsberg},
  volume = {3920},
  series = {LNCS},
  pages = {441-444},
  publisher = {Springer}
}

@TECHREPORT{minar_swarm_1966,
  author = {Nelson Minar and Roger Burkhart and Chris Langton and Manor Askenazi},
  title = {The {Swarm} Simulation System: A Toolkit for Building Multi-Agent
	Simulations},
  institution = {Santa Fe Institute},
  year = {1996},
  month = jun
}

%  note = {\url{http://www.swarm.org/images/b/bb/MinarEtAl96.pdf}}

@MISC{norden_post-election_2007,
  author = {Lawrence Norden and Aaron Burstein and Joseph Lorenzo Hall and Margaret
	Chen},
  title = {{Post-Election Audits: Restoring Trust in Elections}},
  howpublished = {Brennan Center for Justice at The New York University School of Law
	and The Samuelson Law, Technology and Public Policy Clinic at the
	University of California, Berkeley School of Law (Boalt Hall)},
  year = {2007},
  shorttitle = {Brennan Center / Samuelson Clinic Audit Review}
}

%note= {\url{http://www.brennancenter.org/dynamic/subpages/download_file_50227.pdf}}

@INPROCEEDINGS{raunak-spw-prosim-2006,
  author = {Mohammad S. Raunak and Bin Chen and Amr Elssamadisy and Lori A. Clarke
	and Leon J. Osterweil},
  title = {Definition and Analysis of Election Processes},
  booktitle = {Software Process Workshop 2006 (SPW 2006) and Process Simulation
	Workshop 2006 (PROSIM 2006)},
  year = {2006},
  volume = {3966},
  pages = {178--185},
  address = {Shanghai, China},
  month = may,
  organization = {Springer-Verlag Lecture Notes in Computer Science}
}

@INPROCEEDINGS{rescorla-ballotbasedsecurity-2009,
  author = {Eric Rescorla},
  title = {Understanding the Security Properties of Ballot-Based Verification
	Techniques},
  booktitle = {{USENIX/ACCURATE} Electronic Voting Technology Workshop/Workshop
	on Trustworthy Elections 2009 (EVT/WOTE'09)},
  year = {2009},
  url = {http://www.usenix.org/events/evtwote09/tech/full_papers/rescorla-ballot.pdf}
}

@MISC{schultz_premier-opensource_2009,
  author = {Eugene Schultz},
  title = {{Electronic Voting Systems in the Spotlight Once Again}},
  howpublished = {\url{http://74.125.113.132/search?q=cache:y8hEerM6z4UJ:blog.emagined.com/2009/08/14/electronic-voting-systems-in-the-spotlight-once-again/}},
  month = aug,
  year = {2009},
  journal = {Network Security Consulting Blog},

}
%  note = {\url{http://74.125.113.132/search?q=cache:y8hEerM6z4UJ:blog.emagined.com/2009/08/14/electronic-voting-systems-in-the-spotlight-once-again/}}

@INPROCEEDINGS{simidchieva-icdgr-2008,
  author = {Borislava I. Simidchieva and Matthew S. Marzilli and Lori A. Clarke
	and Leon J. Osterweil},
  title = {Specifying and Verifying Requirements for Election Processes},
  booktitle = {Proceedings of the 9th Annual International Conference on Digital
	Government Research},
  year = {2008},
  editor = {S. A. Chun and M. Janssen and J. R. Gil-Garcia},
  pages = {63--72},
  address = {Montreal, Canada},
  month = may,
  organization = {Digital Government Society of North America}
}

@MISC{stark_catests_2009,
  author = {Philip B. Stark},
  title = {{Efficient Post-Election Audits of Multiple Contests: 2009 {California}
	Tests}},
  howpublished = {2009 Conference on Empirical Legal Studies},
  month = dec,
  year = {2009},
  note = {\url{http://ssrn.com/abstract=1443314}}
}

@ARTICLE{sturton_weightweight_2009,
  author = {Cynthia Sturton and Eric Rescorla and David Wagner},
  title = {Weight, Weight, Don't Tell Me: Using Scales to Select Ballots for
	Auditing},
  journal = {{USENIX/ACCURATE/IAVoSS} Electronic Voting Technology {Workshop/Workshop}
	on Trustworthy Elections 2009 {(EVT/WOTE'} 09)},
  year = {2009},
  month = aug,
  url = {http://www.usenix.org/events/evtwote09/tech/full_papers/sturton.pdf}
}

@ARTICLE{zetter_humboldt_2009,
  author = {Kim Zetter},
  title = {Serious Error in {Diebold} Voting Software Caused Lost Ballots in
	{California} County},
  journal = {Wired News},
  year = {2009},
  month = dec,
  note = {\url{http://blog.wired.com/27bstroke6/2008/12/unique-election.html}}
}

@MISC{accurate-annualreport-2008,
  title = {{2008 Annual Report}},
  howpublished = {A Center for Correct, Usable, Reliable, Auditable and Transparent
	Elections (ACCURATE)},
  month = jan,
  year = {2009},
  note = {\url{http://accurate-voting.org/wp-content/uploads/2008/12/2008annualreport.pdf}}
}

@manual{eac_eday_survey-2008,
  title = {{2008 Election Administration and Voting Survey: A Summary of Key
	Findings}},
  organization = {U.S.\ Election Assistance Commission},
  month = nov,
  year = {2009}
}

%note = {\url{http://www.eac.gov/program-areas/research-resources-and-reports/completed-research-and-reports/program-areas/research-resources-and-reports/copy_of_docs/2008_electionadministrationvotingsurvey_508/attachment_download/file}}

@MISC{ca-internet-voting-task-force-2000,
  title = {{{California Internet Voting Task Force}: A Report on the Feasibility
	of Internet Voting}},
  howpublished = {California Secretary of State},
  month = jan,
  year = {2000},
  note = {\url{http://www.sos.ca.gov/elections/ivote/}}
}

@article{citron2008,
author = "Danielle Keats Citron",
title = "Technological Due Process",
journal = "Washington University Law Review",
volume = 85,
year = 2008
}

@misc{vvsg2005,
author = "{U.S. Election Assistance Commission}",
title = "2005 Voluntary Voting System Guidelines",
howpublished = "Available at \url{http://www.eac.gov/testing_and_certification/2005_vvsg.aspx}"
}

