% This file was created with JabRef 2.5.
% Encoding: ISO8859_1

@STRING{ieeetse = {IEEE Transactions on Software Engineering}}

@STRING{SOSP14 = {Proceedings of the Fourteenth Symposium on Operating System Principles}}

@STRING{SOSP16 = {Proceedings of the Sixteenth Symposium on Operating System Principles}}

@INPROCEEDINGS{DBLP:conf/acsac/FraserEA08,
  author = {Timothy Fraser and Matthew R. Evenson and William A. Arbaugh},
  title = {{VICI} Virtual Machine Introspection for Cognitive Immunity},
  booktitle = {ACSAC},
  year = {2008},
  pages = {87-96},
  bibsource = {DBLP, http://dblp.uni-trier.de},
  crossref = {DBLP:conf/acsac/2008},
  ee = {http://dx.doi.org/10.1109/ACSAC.2008.33}
}

@MISC{RFC2025,
  author = {C. Adams},
  title = {{{RFC} 2025: The Simple Public-Key {GSS-API} Mechanism ({SPKM})}},
  month = oct,
  year = {1996},
  organization = {Internet Activities Board}
}

@CONFERENCE{AiOM03:origin,
  author = {William Aiello and John Ioannidis and Patrick McDaniel},
  title = {Origin Authentication in Inter-domain Routing},
  booktitle = {ACM Conference on Computer and Communications Security},
  year = {2003}
}

@BOOK{Albright1942,
  title = {The American Ballot},
  publisher = {American Council on Public Affairs, Washington, D.C.},
  year = {1942},
  author = {S. D. Albright}
}

@MISC{Aleph1:96,
  author = {Aleph1},
  title = {{Smashing The Stack For Fun And Profit}},
  howpublished = {Phrack \#49},
  month = nov,
  year = {1996},
  note = {\url{http://www.phrack.org/show.php?p=49&a=14}}
}

@ARTICLE{ames-gasser-schell-83,
  author = {{Ames Jr.}, Stanley R. and Morrie Gasser and Roger G. Schell},
  title = {Security Kernel Design and Implementation: An Introduction},
  journal = {Computer},
  year = {1983},
  pages = {14--22},
  month = jul,
  note = {Reprinted in {\em Tutorial: Computer and Network Security}, M. D.
	Abrams and H. J. Podell, editors, IEEE Computer Society Press, 1987,
	pp. 142--157}
}

@TECHREPORT{Anderson80,
  author = {J. P. Anderson},
  title = {Computer Security Threat Monitoring and Surveillance},
  institution = {James P. Anderson Company},
  year = {1980},
  address = {Fort Washington, Pennsylvania},
  month = apr
}

@TECHREPORT{anderson-72,
  author = {James P. Anderson},
  title = {Computer Security Technology Planning Study},
  institution = {U.S. Air Force, Electronic Systems Division},
  year = {1972},
  number = {ESD-TR-73-51},
  address = {Deputy for Command and Management Systems, HQ Electronic Systems
	Division (AFSC), L. G. Hanscom Field, Bedford, MA 01730 USA},
  month = oct,
  note = {Volume 2, pages 58--69}
}

@INPROCEEDINGS{Anderson03,
  author = {Ross Anderson},
  title = {Cryptography and Competition Policy --- Issues with `Trusted Computing'},
  booktitle = {Proceedings of the 2nd Workshop on Economics and Information Security},
  year = {2003},
  address = {College Park, MD},
  month = may
}

@INPROCEEDINGS{Anderson02a,
  author = {Ross Anderson},
  title = {Security in Open versus Closed Systems -- The Dance of Boltzmann,
	Coase, and Moore},
  booktitle = {Proceedings of Open Source Software: Economics, Law, and Policy},
  year = {2002},
  address = {Toulouse, France},
  month = jun,
  publisher = {\url{http://www.cl.cam.ac.uk/ftp/users/rja14/toulouse.pdf}}
}

@INPROCEEDINGS{notkin-fse94,
  author = {Richard J. Anderson and Paul Beame and Steve Burns and William Chan
	and Francesmary Modugno and David Notkin and Jon D. Reese},
  title = {Model Checking Large Software Specifications},
  booktitle = {Symposium on the Foundations of Software Engineering},
  year = {1996}
}

@INPROCEEDINGS{andreae-ecoop06,
  author = {Chris Andreae and Yvonne Coady and Celina Gibbs and James Noble and
	Jan Vitek and Tian Zhao},
  title = {Scoped Types and Aspects for Real-Time {Java}},
  booktitle = {Proceedings of the European Conference on Object-Oriented Programming
	(ECOOP)},
  year = {2006},
  pages = {124--147},
  address = {Nantes, France},
  month = jul
}

@INPROCEEDINGS{oakland-97,
  author = {William A. Arbaugh and David J. Farber and Jonathan M. Smith},
  title = {A Secure and Reliable Bootstrap Architecture},
  booktitle = {Proceedings 1997 IEEE Symposium on Security and Privacy},
  year = {1997},
  pages = {65--71},
  month = may
}

@INPROCEEDINGS{bsswh95,
  author = {Lee Badger and Daniel F. Sterne and David L. Sherman and Kenneth
	M. Walker and Sheila A. Haghighat},
  title = {Practical Domain and Type Enforcement for {UNIX}},
  booktitle = {Proceedings of the 1995 IEEE Symposium on Security and Privacy},
  year = {1995},
  pages = {66--77}
}

@TECHREPORT{bell73,
  author = {D. Elliot Bell},
  title = {Secure Computer Systems: A Refinement of the Mathematical Model},
  institution = {MITRE Corporation},
  year = {1973},
  number = {MTR-2547-III},
  month = dec
}

@TECHREPORT{bell-lapadula-76,
  author = {D. Elliot Bell and Leonard J. LaPadula},
  title = {Secure Computer System: Unified Exposition and {Multics} Interpretation},
  institution = {MITRE Corporation},
  year = {1976},
  number = {MTR-2997 Rev. 1},
  month = mar
}

@INPROCEEDINGS{Bellovin95,
  author = {Steven M. Bellovin},
  title = {Using the Domain Name System for System Break-ins},
  booktitle = {Proceedings of the Fifth USENIX UNIX Security Symposium},
  year = {1995},
  pages = {199--208},
  address = {Salt Lake City, Utah},
  month = jun,
  organization = {USENIX}
}

@MISC{Bellovin94,
  author = {Steven M. Bellovin},
  title = {{Shifting the Odds: Writing (More) Secure Software}},
  howpublished = {\url{http://www.research.att.com/~smb/talks/odds.pdf}},
  month = dec,
  year = {1994}
}

@INCOLLECTION{Berkovits+98,
  author = {S. Berkovits and J.D. Guttman and V. Swarup},
  title = {Authentication for Mobile Agents},
  booktitle = {Mobile Agents and Security},
  publisher = {Springer-Verlag},
  year = {1998},
  volume = {1419},
  series = {Lecture Notes in Computer Science},
  pages = {114--136}
}

@INPROCEEDINGS{BDVS03,
  author = {Sandeep Bhatkar and Daniel C. DuVarney and R. Sekar},
  title = {Address Obfuscation: An Efficient Approach to Combat a Broad Range
	of Memory Error Exploits},
  booktitle = {Proceedings of the 12th USENIX Security Symposium},
  year = {2003},
  pages = {105--120},
  address = {Washington, DC},
  month = aug
}

@BOOK{Bishop03,
  title = {Computer Security: Art and Science},
  publisher = {Addison-Wesley},
  year = {2003},
  author = {Matt Bishop}
}

@ARTICLE{Bishop87,
  author = {Matt Bishop},
  title = {How To Write a Setuid Program},
  journal = {;login:},
  year = {1987},
  volume = {12},
  pages = {5--11},
  number = {1}
}

@INPROCEEDINGS{BBCL04,
  author = {Matt Bishop and Bhume Bhhumiratana and Rick Crawford and Karl Levitt},
  title = {How to Sanitize Data?},
  booktitle = {Proceedings of the 13th IEEE International Workshop on Enabling Technologies:
	Infrastructure for Collaborative Enterprise},
  year = {2004},
  pages = {217--222},
  month = jun,
  organization = {IEEE}
}

@ARTICLE{BD96checking,
  author = {Matt Bishop and Michael Dilger},
  title = {Checking for Race Conditions in File Accesses},
  journal = {Computing Systems},
  year = {1996},
  volume = {9},
  pages = {131--152},
  number = {2},
  month = {Spring},
  url = {citeseer.nj.nec.com/bishop96checking.html}
}

@INPROCEEDINGS{BPH+09,
  author = {Matt Bishop and Sean Peisert and Candice Hoke and Mark Graff and
	David Jefferson},
  title = {E-Voting and Forensics: Prying Open the Black Box},
  booktitle = {Proceedings of the 2009 Electronic Voting Technology Workshop/Workshop
	on Trustworthy Elections},
  year = {2009},
  month = aug
}

@INPROCEEDINGS{BFL96,
  author = {Matt Blaze and Joan Feigenbaum and Jack Lacy},
  title = {Distributed Trust Management},
  booktitle = {Proceedings of 17th IEEE Symposium on Security and Privacy},
  year = {1996},
  pages = {164--173},
  month = may
}

@INPROCEEDINGS{dBB93,
  author = {Bert den Boer and Antoon Bosselaers},
  title = {Collisions for the compression function of {MD5}},
  booktitle = {Advances in Cryptology --- EUROCRYPT '93},
  year = {1993},
  editor = {Tor Helleseth},
  volume = {765},
  series = {Lecture Notes in Computer Science},
  pages = {293--304},
  address = {Lofthus, Norway},
  month = may,
  publisher = {Springer-Verlag}
}

@MISC{eds08,
  author = {Kimball Brace},
  title = {{2008 Voting Equipment Study}},
  month = Oct,
  year = {2008}
}

@INPROCEEDINGS{brewer-nash-82,
  author = {David F. C. Brewer and Michael J. Nash},
  title = {The {C}hinese Wall Security Policy},
  booktitle = {Proceedings of the 1989 IEEE Symposium on Security and Privacy},
  year = {1989},
  pages = {206--214}
}

@MISC{CA-93-17,
  author = {{CERT Coordination Center}},
  title = {{xterm Logging Vulnerability}},
  howpublished = {CERT Advisory CA-1993-17},
  month = oct,
  year = {1995},
  note = {\url{http://www.cert.org/advisories/CA-1993-17.html}},
  number = {CA-1993-17}
}

@MISC{CA-95:13,
  author = {{CERT Coordination Center}},
  title = {{Syslog Vulnerability---A Workaround for Sendmail}},
  howpublished = {CERT Advisory CA-95:13},
  month = oct,
  year = {1995},
  note = {\url{ftp://ftp.cert.org/pub/cert_advisories/CA-95%3A13.syslog.vul}},
  number = {CA-95:13}
}

@INPROCEEDINGS{CDM02,
  author = {Ajay Chander and Drew Dean and John C. Mitchell},
  title = {Deconstructing Trust Management},
  booktitle = {Proceedings of the 2002 Workshop on Issues in the Theory of Security},
  year = {2002},
  address = {Portland, Oregon},
  month = jan,
  organization = {IFIP Working Group 1.7}
}

@INPROCEEDINGS{CDM01,
  author = {Ajay Chander and Drew Dean and John C. Mitchell},
  title = {A State-Transition Model of Trust Management},
  booktitle = {Proceedings of the 14th IEEE Computer Security Foundations Workshop},
  year = {2001},
  pages = {27--43},
  address = {Cape Breton, Nova Scotia, Canada},
  month = jun,
  organization = {IEEE Computer Society Technical Committee on Security and Privacy}
}

@INPROCEEDINGS{ChaumFiatNaor88,
  author = {David Chaum and Amos Fiat and Moni Naor},
  title = {Untraceable Electronic Cash},
  booktitle = {Advances in Cryptology - CRYPTO '88, 8th Annual International Cryptology
	Conference},
  year = {1988},
  pages = {319--327},
  address = {Santa Barbara, CA},
  month = aug
}

@INPROCEEDINGS{CW02,
  author = {Hao Chen and David Wagner},
  title = {{MOPS}: {An} Infrastructure for Examining Security Properties of
	Software},
  booktitle = {Proceedings of the 9th ACM Conference on Computer and Commu nications
	Security (CCS)},
  year = {2002},
  address = {Washington, DC}
}

@INPROCEEDINGS{CDW02,
  author = {Hao Chen and David Wagner and Drew Dean},
  title = {Setuid Demystified},
  booktitle = {Proceedings of the Eleventh USENIX Security Symposium},
  year = {2002},
  address = {San Francisco, CA},
  annote = {A close look at setuid and setgid implementations and interactions.}
}

@INCOLLECTION{Chess98,
  author = {D.M. Chess},
  title = {Security Issues in Mobile Code Systems},
  booktitle = {Mobile Agents and Security},
  publisher = {Springer-Verlag},
  year = {1998},
  volume = {1419},
  series = {Lecture Notes in Computer Science},
  pages = {1--14}
}

@BOOK{bellovin-cheswick,
  title = {Firewalls and Internet Security: Repelling the Wily Hacker},
  publisher = {Addison-Wesley},
  year = {1994},
  author = {William R. Cheswick and Steven M. Bellovin}
}

@INPROCEEDINGS{CW87,
  author = {David D. Clark and David R. Wilson},
  title = {A Comparison of Commercial and Military Computer Security Policies},
  booktitle = {Proceedings of the IEEE Symposium on Security and Privacy},
  year = {1987},
  pages = {184--194},
  address = {Oakland, CA},
  month = apr
}

@INPROCEEDINGS{CBWKH01,
  author = {Crispin Cowan and Steve Beattie and Chris Wright and Greg Kroah-Hartman},
  title = {{RaceGuard}: Kernel Protection From Temporary File Race Vulnerabilities},
  booktitle = {Proceedings of the 10th USENIX Security Symposium},
  year = {2001},
  address = {Washington, DC},
  month = aug
}

@INPROCEEDINGS{StackGuard,
  author = {Crispan Cowan and Calton Pu and Dave Maier and Jonathan Walpole and
	Peat Bakke and Steve Beattie and Aaron Grier and Perry Wagle and
	Qian Zhang and Heather Hinton},
  title = {{StackGuard}: Automatic Adaptive Detection and Prevention of Buffer-Overflow
	Attacks},
  booktitle = {Proceedings of the 7th USENIX Security Conference},
  year = {1998},
  pages = {63--78},
  address = {San Antonio, Texas},
  month = jan,
  url = {http://citeseer.nj.nec.com/cowan98stackguard.html}
}

@INPROCEEDINGS{CBB+06,
  author = {Rick Crawford and Matt Bishop and Bhume Bhumiratana and Lisa Clark
	and Karl Levitt},
  title = {Sanitization Models and Their Limitations},
  booktitle = {Proceedings of the 2006 New Security Paradigms Workshop},
  year = {2006},
  pages = {41--56},
  month = sep
}

@MISC{cromwell95,
  author = {Ray Cromwell},
  title = {{Another Netscape Bug (and possible security hole)}},
  howpublished = {Message to the Cypherpunks mailing list (and forwarded to BUGTRAQ);
	\texttt{Message-Id: <199509220612.CAA11441@clark.net>}},
  month = sep,
  year = {1995},
  note = {Available from \url{http://www.netspace.org/cgi-bin/wa?A2=ind9509d&L=bugtraq&F=&S=&P=499}}
}

@INCOLLECTION{DePaoli+98,
  author = {F. {De Paoli} and A.L. {Dos Santos} and R.A. Kemmerer},
  title = {Web Browsers and Security},
  booktitle = {Mobile Agents and Security},
  publisher = {Springer-Verlag},
  year = {1998},
  volume = {1419},
  series = {Lecture Notes in Computer Science},
  pages = {235--256}
}

@INPROCEEDINGS{Dean97,
  author = {Drew Dean},
  title = {The Security of Static Typing with Dynamic Linking},
  booktitle = {Proceedings of the Fourth {ACM} Conference on Computer and Communications
	Security},
  year = {1997},
  address = {Zurich, Switzerland},
  month = apr,
  note = {\url{http://www.cs.princeton.edu/sip/pub/ccs4.html}}
}

@INPROCEEDINGS{DFW96,
  author = {Drew Dean and Edward W. Felten and Dan S. Wallach},
  title = {Java Security: From {HotJava} to {Netscape} and Beyond},
  booktitle = {Proceedings of the 1996 IEEE Symposium on Security and Privacy},
  year = {1996},
  pages = {190--200},
  month = may
}

@INCOLLECTION{DFWB97,
  author = {Drew Dean and Edward W. Felten and Dan S. Wallach and Dirk Balfanz},
  title = {{Java} Security: {Web} Browsers and Beyond},
  booktitle = {Internet Besieged: Countering Cyberspace Scofflaws},
  publisher = {ACM Press},
  year = {1997}
}

@ARTICLE{DFS02,
  author = {Drew Dean and Matt Franklin and Adam Stubblefield},
  title = {An algebraic approach to {IP} traceback},
  journal = {{ACM} Transactions on Information and System Security},
  year = {2002},
  volume = {5},
  pages = {119-137},
  number = {2},
  note = {An earlier version of this paper appeared in \emph{Proceedings of
	Network and Distributed System Security Symposium, (NDSS '01)}, San
	Diego, CA, Feb. 2001, where it received the \textbf{Best Paper Award}.},
  url = {citeseer.nj.nec.com/dean01algebraic.html}
}

@INPROCEEDINGS{DS01,
  author = {Drew Dean and Adam Stubblefield},
  title = {Using Client Puzzles to Protect {TLS}},
  booktitle = {Proceedings of the 10th USENIX Security Symposium},
  year = {2001},
  address = {Washington, DC},
  month = aug
}

@ARTICLE{IDES87,
  author = {D.~E. Denning},
  title = {An Intrusion-Detection Model},
  journal = {IEEE Transactions on Software Engineering},
  year = {1987},
  volume = {13},
  number = {2},
  month = feb
}

@ARTICLE{DMD96,
  author = {Dorothy E. Denning and Peter F. MacDoran},
  title = {Location-Based Authentication: Grounding Cyberspace for Better Security},
  journal = {Computer Fraud and Security},
  year = {1996},
  month = feb,
  note = {Available at \url{http://www.cs.georgetown.edu/~denning/infosec/Grounding.txt}}
}

@INPROCEEDINGS{Desmedt88,
  author = {Yvo Desmedt},
  title = {Abuses in Cryptography and How to Fight Them},
  booktitle = {8th Annual International Cryptology Conference (CRYPTO '88)},
  year = {1988},
  pages = {375--389},
  address = {Santa Barbara, CA},
  month = aug
}

@MISC{da97,
  author = {Tim Dierks and Christopher Allen},
  title = {{The {TLS} Protocol}},
  month = nov,
  year = {1997},
  howpublised = {Internet Draft; work in progress; see \url{http://www.ietf.cnri.reston.va.us/internet-drafts/draft-ietf-tls-protocol-05.txt}}
}

@INPROCEEDINGS{DDHY92,
  author = {David L. Dill and Andreas J. Drexler and Alan J. Hu and C. Han Yang},
  title = {Protocol Verification as a Hardware Design Aid},
  booktitle = {1992 IEEE International Conference on Computer Design: VLSI in Computers
	and Processors},
  year = {1992},
  pages = {522-525},
  organization = {IEEE Computer Society},
  note = {Cambridge, MA, Oct. 11-14}
}

@INPROCEEDINGS{Dobbertin96,
  author = {Hans Dobbertin},
  title = {Cryptanalysis of MD4},
  booktitle = {Proceedings of the 3rd Workshop on Fast Software Encryption},
  year = {1996},
  volume = {1039},
  series = {Lecture Notes in Computer Science},
  pages = {53--70},
  address = {Cambridge, UK},
  publisher = {Springer-Verlag}
}

@MISC{RFC2203,
  author = {M. Eisler and A. Chiu and L. Ling},
  title = {{{RFC} 2203: {RPCSEC\_GSS} Protocol Specification}},
  month = sep,
  year = {1997},
  organization = {Internet Activities Board}
}

@CONFERENCE{feldman-benaloh,
  author = {Ariel J. Feldman and Josh Benaloh},
  title = {On Subliminal Channels in Encrypt-on-Cast Voting Systems},
  booktitle = {Electronic Voting Technology Workshop / Workshop on Trustworthy Elections
	(EVT/WOTE '09)},
  year = {2009},
  address = {Montreal, Canada},
  month = aug
}

@CONFERENCE{sig04:locInsta,
  author = {A. Feldmann and O. Maennel and Z. Mao and A. Berger and B. Maggs},
  title = {Locating {Internet} Routing Instabilities},
  booktitle = {SIGCOMM},
  year = {2004}
}

@ARTICLE{felten-risks-97,
  author = {Edward W. Felten},
  title = {Inside Risks: Webware Security},
  journal = {Communications of the {ACM}},
  year = {1997},
  volume = {40},
  number = {4},
  month = apr
}

@TECHREPORT{EAFisherElectionReform2003,
  author = {Eric A. Fischer},
  title = {Election Reform and Electronic Voting Systems ({DREs}): Analysis
	of Security Issues},
  year = {2003},
  month = nov,
  note = {\url{http://www.epic.org/privacy/voting/crsreport.pdf}}
}

@ARTICLE{Foley97,
  author = {Simon N. Foley},
  title = {Implementing Chinese Walls in Unix},
  journal = {Computers and Security Journal},
  year = {1997},
  volume = {16},
  pages = {551--563},
  number = {6},
  month = dec
}

@INPROCEEDINGS{FFA99,
  author = {Jeffrey Foster and Manuel F\"ahndrich and Alexander Aiken},
  title = {A Theory of Type Qualifiers},
  booktitle = {ACM SIGPLAN Conference on Programming Language Design and Implementation
	(PLDI'99)},
  year = {1999},
  month = may
}

@MISC{ssl3,
  author = {Alan O. Freier and Philip Karlton and Paul C. Kocher},
  title = {{The SSL Protocol Version 3.0}},
  month = mar,
  year = {1996},
  note = {Available from \url{http://home.netscape.com/eng/ssl3/ssl-toc.html}}
}

@BOOK{Ghosh98,
  title = {E-Commerce Security: Weak Links, Best Defenses},
  publisher = {John Wiley and Sons},
  year = {1998},
  author = {Anup K. Ghosh},
  month = feb
}

@ARTICLE{Gilmore99,
  author = {Christian Gilmore and David Kormann and Aviel D. Rubin},
  title = {Secure Remote Access to an Internal Web Server},
  journal = {Proceedings of the ISOC Symposium on Network and Distributed System
	Security},
  year = {1999},
  pages = {23--34},
  month = feb
}

@INPROCEEDINGS{goguen-meseguer-84,
  author = {Joseph A. Goguen and Jos\'{e} Meseguer},
  title = {Unwinding and Inference Control},
  booktitle = {Proceedings of the 1984 IEEE Symposium on Security and Privacy},
  year = {1984},
  pages = {75--86}
}

@INPROCEEDINGS{goguen-meseguer-82,
  author = {Joseph A. Goguen and Jos\'{e} Meseguer},
  title = {Security Policies and Security Models},
  booktitle = {Proceedings of the 1982 IEEE Symposium on Security and Privacy},
  year = {1982},
  pages = {11--20}
}

@ARTICLE{GW96,
  author = {Ian Goldberg and David Wagner},
  title = {Randomness and the {Netscape} Browser},
  journal = {Dr. Dobb's Journal},
  year = {1996},
  month = jan
}

@INPROCEEDINGS{goldberg96,
  author = {Ian Goldberg and David Wagner and Randi Thomas and Eric A. Brewer},
  title = {A Secure Environment for Untrusted Helper Applications: Confining
	the Wily Hacker},
  booktitle = {Sixth {USENIX} Security Symposium Proceedings},
  year = {1996},
  pages = {1--12},
  address = {San Jose, CA},
  month = jul
}

@INCOLLECTION{GongSchemers98,
  author = {L. Gong and R. Schemers},
  title = {Signing, Sealing, and Guarding {Java} Objects},
  booktitle = {Mobile Agents and Security},
  publisher = {Springer-Verlag},
  year = {1998},
  volume = {1419},
  series = {Lecture Notes in Computer Science},
  pages = {206--216}
}

@INPROCEEDINGS{irv03,
  author = {Geoffrey Goodell and William Aiello and Timothy Griffin and John
	Ioannidis and Patrick McDaniel and Aviel Rubin},
  title = {Working Around {BGP}: An Incremental Approach to Improving Security
	and Accuracy of Interdomain Routing },
  booktitle = {Proceedings of the IEEE Network and Distributed System Security Symposium},
  year = {2003},
  month = feb
}

@INPROCEEDINGS{Graubart89,
  author = {Richard Graubart},
  title = {On The Need For A Third Form Of Access Control},
  booktitle = {Proceedings of the 12th National Computer Security Conference},
  year = {1989},
  pages = {296--303},
  address = {Baltimore, MD},
  month = oct
}

@INCOLLECTION{Gray+98,
  author = {R.S. Gray and D. Kotz and G. Cybenko and D. Rus},
  title = {D'Agents: Security in a Multiple-Language, Mobile-Agent System},
  booktitle = {Mobile Agents and Security},
  publisher = {Springer-Verlag},
  year = {1998},
  volume = {1419},
  series = {Lecture Notes in Computer Science},
  pages = {154--187}
}

@ARTICLE{HRU76,
  author = {Michael Harrison and Walter Ruzzo and Jeffrey Ullman},
  title = {Protection in Operating Systems},
  journal = {Communications of the ACM},
  year = {1976},
  volume = {19},
  pages = {461--471},
  number = {8},
  month = aug,
  publisher = {ACM}
}

@MISC{hasen_law_2004,
  author = {Richard L. Hasen},
  title = {{Time to Fix Election System}},
  howpublished = {Law.com Commentary},
  month = Nov,
  year = {2004},
  note = {\url{http://www.law.com/jsp/article.jsp?id=1099217144168}}
}

@MISC{hasen_bvg_2001,
  author = {Richard L. Hasen},
  title = {{{Bush v. Gore} and The Future Of Equal Protection Law In Elections}},
  howpublished = {29 Fla. St. U. L. Rev. 377},
  year = {2001}
}

@MISC{OpenSSL02,
  author = {Stephen Henson},
  howpublished = {Available from \url{http://www.openssl.org/news/secadv_20020730.txt}},
  month = jul,
  year = {2002}
}

@INCOLLECTION{Hohl98,
  author = {F. Hohl},
  title = {Time Limited Blackbox Security: Protecting Mobile Agents from Malicious
	Hosts},
  booktitle = {Mobile Agents and Security},
  publisher = {Springer-Verlag},
  year = {1998},
  volume = {1419},
  series = {Lecture Notes in Computer Science},
  pages = {92--113}
}

@INPROCEEDINGS{Holt03,
  author = {R. Holt},
  title = {Introduction of the Voter Confidence and Increased Accessibility
	Act of 2003},
  booktitle = {U.S. Congressional Record, Extensions of Remarks},
  year = {2003},
  pages = {E1081-2},
  month = may,
  organization = {U.S. Congress}
}

@ARTICLE{Holzmann97,
  author = {Gerard J. Holzmann},
  title = {The Model Checker {SPIN}},
  journal = {Software Engineering},
  year = {1997},
  volume = {23},
  pages = {279-295},
  number = {5},
  url = {citeseer.ist.psu.edu/holzmann97model.html}
}

@ARTICLE{Hopwood-risks,
  author = {David Hopwood},
  title = {Java security bug (applets can load native methods)},
  journal = {RISKS Forum},
  year = {1996},
  volume = {17},
  number = {83},
  month = mar,
  note = {\url{ftp://ftp.sri.com/risks/risks-17.83}}
}

@ARTICLE{Hopwood-risks2,
  author = {David Hopwood},
  title = {Another {Java} Attack},
  journal = {RISKS Forum},
  year = {1996},
  volume = {18},
  number = {18},
  month = jun,
  note = {\url{ftp://ftp.sri.com/risks/risks-18.18}}
}

@INPROCEEDINGS{Hu91,
  author = {Wei-Ming Hu},
  title = {Reducing Timing Channels with Fuzzy Time},
  booktitle = {Proceedings of the 1991 IEEE Symposium on Research in Security and
	Privacy},
  year = {1991},
  pages = {8--20}
}

@CONFERENCE{sig04:spv,
  author = {Y. Hu and A. Perrig and M. Sirbu},
  title = {{SPV}: Secure Path Vector Routing for Securing {BGP}},
  booktitle = {SIGCOMM},
  year = {2004}
}

@MANUAL{CommonCriteria2000,
  title = {The Common Criteria for Information Technology Security Evaluation,
	Version 2.1, ISO 15408},
  author = {{International Standards Organization}},
  organization = {ISO/NIST/CCIB},
  month = sep,
  year = {2000},
  key = {International}
}

@INPROCEEDINGS{jaeger96,
  author = {Trent Jaeger and Aviel D. Rubin and Atul Prakash},
  title = {Building Systems That Flexibly Control Downloaded Executable Content},
  booktitle = {Sixth {USENIX} Security Symposium Proceedings},
  year = {1996},
  pages = {131--148},
  address = {San Jose, CA},
  month = jul
}

@MASTERSTHESIS{Janson74,
  author = {Philippe Arnaud Janson},
  title = {Removing the Dynamic Linker from the Security Kernel of a Computing
	Utility},
  school = {Massachusetts Institute of Technology},
  year = {1974},
  month = Jun,
  note = {Project {MAC TR-132}}
}

@INPROCEEDINGS{JR07,
  author = {Rui Joaquim and Carlos Ribeiro},
  title = {{CodeVoting}: Protection Against Automatic Vote Manipulation in an
	Uncontrolled Environment},
  booktitle = {E-Voting and Identity 2007},
  year = {2007},
  volume = {4896},
  series = {Lecture Notes in Computer Science},
  publisher = {Springer-Verlag}
}

@ARTICLE{KL87,
  author = {Richard Y. Kain and Carl E. Landwehr},
  title = {On Access Checking in Capability-Based Systems},
  journal = {IEEE Transactions on Software Engineering},
  year = {1987},
  volume = {13},
  pages = {202--207},
  number = {2},
  month = feb,
  url = {citeseer.nj.nec.com/25148.html}
}

@INPROCEEDINGS{KGA00,
  author = {Pankaj Kakkar and Carl A. Gunter and Mart\'{\i}n Abadi},
  title = {Reasoning About Security for Active Networks},
  booktitle = {Proceedings of the 13th IEEE Computer Security Foundations Workshop},
  year = {2000},
  pages = {118--129},
  address = {Cambridge, UK},
  month = jul
}

@INPROCEEDINGS{Karger87,
  author = {Paul A. Karger},
  title = {Limiting the Damage Potential of Discretionary Trojan Horses},
  booktitle = {Proceedings of the 1987 IEEE Symposium on Security and Privacy},
  year = {1987},
  pages = {32--37}
}

@INCOLLECTION{Karjoth+98,
  author = {G. Karjoth and D.B. Lange and M. Oshima},
  title = {A Security Model for Aglets},
  booktitle = {Mobile Agents and Security},
  publisher = {Springer-Verlag},
  year = {1998},
  volume = {1419},
  series = {Lecture Notes in Computer Science},
  pages = {188--205}
}

@INPROCEEDINGS{hcm01,
  author = {S. Kent and C. Lynn and J. Mikkelson and K. Seo},
  title = {\textup{Secure Border Gateway Protocol {(S-BGP)} --- Real World Performance
	and Deployment Issues}},
  booktitle = {Proceedings of Network and Distributed Systems Security 2000},
  year = {2000},
  month = feb
}

@ARTICLE{s-bgp,
  author = {S. Kent and C. Lynn and K. Seo},
  title = {Secure Border Gateway Protocol {(Secure-BGP)}},
  journal = {{IEEE Journal on Selected Areas in Communications}},
  year = {2000},
  volume = {18},
  pages = {582-592},
  number = {4},
  month = apr
}

@INPROCEEDINGS{Ko00,
  author = {Calvin Ko},
  title = {Logic Induction of Valid Behavior Specifications for Intrusion Detection},
  booktitle = {Proceedings of the 2000 IEEE Symposium on Security and Privacy},
  year = {2000},
  pages = {142--153},
  address = {Oakland, CA},
  month = may,
  organization = {IEEE}
}

@PHDTHESIS{Ko96,
  author = {Calvin Ko},
  title = {Execution Monitoring of Security-Critical Programs in Distributed
	Systems: A Specification-based Approach},
  school = {U.C. Davis},
  year = {1996},
  month = sep
}

@INPROCEEDINGS{KFL94,
  author = {Calvin Ko and George Fink and Karl Levitt},
  title = {Automated Detection of Vulnerabilities in Privileged Programs by
	Execution Monitoring },
  booktitle = {Proceedings of the Tenth Computer Security Applications Conference},
  year = {1994},
  pages = {134--144},
  address = {Orlando, FL},
  month = dec,
  publisher = {IEEE Computer Society Press}
}

@INPROCEEDINGS{KRL97,
  author = {Calvin Ko and Manfred Ruschitzka and Karl Levitt},
  title = {Execution Monitoring of Security-Critical Programs in Distributed
	Systems: A Specification-based Approach},
  booktitle = {Proceedings of the 1997 IEEE Symposium on Security and Privacy},
  year = {1997},
  pages = {175--187},
  address = {Oakland, CA},
  month = may,
  organization = {IEEE}
}

@Manual{Kroll09,
  author = {J. Kroll and D. Dean},
  title = {Baker{SFI}eld: Bringing Software Fault Isolation to x64},
  organization = {Princeton and SRI},
  year = {2010},
  month = feb,
  note = {Tech report at \url{http://www.cs.princeton.edu/~kroll/papers/bakersfield-sfi.pdf}}
}

@ARTICLE{lampson-73,
  author = {Butler W. Lampson},
  title = {A Note on the Confinement Problem},
  journal = {Communications of the {ACM}},
  year = {1973},
  volume = {16},
  pages = {613--615},
  number = {10},
  month = oct
}

@INPROCEEDINGS{lampson-74,
  author = {Butler W. Lampson},
  title = {Protection},
  booktitle = {Proceedings of the Fifth Princeton Symposium on Information Sciences
	and Systems},
  year = {1971},
  pages = {437--443},
  address = {Princeton University},
  month = mar,
  note = {Reprinted in {\it Operating Systems Review}, 8(1):18--24, Jan. 1974}
}

@ARTICLE{landwehr-81,
  author = {Carl E. Landwehr},
  title = {Formal Models for Computer Security},
  journal = {Computing Surveys},
  year = {1981},
  volume = {13},
  pages = {247--278},
  number = {3},
  month = sep
}

@BOOK{Lessig00,
  title = {Code and Other Laws of Cyberspace},
  publisher = {Basic Books},
  year = {2000},
  author = {L. Lessig},
  address = {New York, NY}
}

@MISC{lichtman_allan2001,
  author = {Allan J. Lichtman},
  title = {{Report on The Racial Impact of The Rejection of Ballots Cast In
	The 2000 Presidential Election In The State of {Florida}}},
  howpublished = {Appendix To United States Commission on Civil Rights, Voting Irregularities
	During The 2000 Election},
  year = {2001}
}

@INPROCEEDINGS{LincolnXOM2000,
  author = {{D.} Lie and {C.} Thekkath and {P.} Lincoln and {M.} Mitchell and
	{D.} Boneh and {J.} Mitchell and {M.} Horowitz},
  title = {Architectural Support for Copy and Tamper Resistant Software},
  booktitle = {Architectural Support for Programming Languages and Operating Systems
	(ASPLOS-IX)},
  year = {2000},
  address = {Cambridge, {MA}},
  month = nov,
  url = {http://www.csl.sri.com/papers/lincolnxom2000/}
}

@MISC{RFC2743,
  author = {J. Linn},
  title = {{{RFC} 2743: Generic Security Service Application Program Interface,
	Version 2, Update 1}},
  month = jan,
  year = {2000},
  organization = {Internet Activities Board}
}

@ARTICLE{LS77,
  author = {Richard J. Lipton and Lawrence Snyder},
  title = {A Linear Time Algorithm for Deciding Subject Security},
  journal = {Journal of the ACM},
  year = {1977},
  volume = {24},
  pages = {455-464},
  number = {3}
}

@INPROCEEDINGS{lowe,
  author = {Gavin Lowe},
  title = {Breaking and Fixing the {Needham-Schroeder} Public-Key Protocol Using
	{CSP} and {FDR}},
  booktitle = {2nd International Workshop on Tools and Algorithms for the Construction
	and Analysis of Systems},
  year = {1996},
  publisher = {Springer-Verlag}
}

@UNPUBLISHED{MacDonald98,
  author = {Josh MacDonald},
  title = {On Program Security and Obfuscation},
  note = {\url{http://www.cs.arizona.edu/people/collberg/Teaching/620/1999/papers.html}},
  month = dec,
  year = {1998}
}

@CONFERENCE{misCon,
  author = {R. Mahajan and D. Wetherall and T. Anderson},
  title = {Understanding {BGP} Misconfiguration},
  booktitle = {SIGCOMM},
  year = {2002}
}

@INPROCEEDINGS{mwa02,
  author = {Ratul Mahajan and Deavid Wetherall and Tom Anderson},
  title = {Understanding {BGP} Misconfiguration},
  booktitle = {Proceedings of ACM SIGCOMM '02},
  year = {2002},
  pages = {3--16},
  month = sep
}

@TECHREPORT{MSWM03,
  author = {John Marchesini and Sean W. Smith and Omen Wild and Rich MacDonald},
  title = {Experimenting with {TCPA/TCG} Hardware, Or: How {I} Learned to Stop
	Worrying and Love The Bear},
  institution = {Department of Computer Science, Dartmouth College},
  year = {2003},
  number = {TR2003-476},
  month = dec
}

@TECHREPORT{martin96,
  author = {David M. {Martin Jr.} and Sivaramakrishnan Rajagopalan and Aviel
	D. Rubin},
  title = {Blocking {Java} Applets at the Firewall},
  institution = {Boston University},
  year = {1996},
  number = {96-026},
  month = nov,
  note = {\url{http://www.cs.bu.edu/techreports/96-026-java-firewalls.ps.Z}}
}

@ARTICLE{McPhee74,
  author = {W. S. McPhee},
  title = {Operating System Integrity in {OS/VS2}},
  journal = {IBM Systems Journal},
  year = {1974},
  volume = {13},
  pages = {230--252},
  number = {3},
  annote = {TOCTTOU reference}
}

@ARTICLE{Mercuri03,
  author = {R. Mercuri},
  title = {On Auditing Audit Trails},
  journal = {Communications of the ACM},
  year = {2003},
  volume = {46},
  pages = {17--20},
  number = {1},
  month = jan
}

@ARTICLE{MercuriCACM03-1,
  author = {R. Mercuri},
  title = {On Auditing Audit Trails},
  journal = {Communications of the ACM},
  year = {2003},
  volume = {46},
  number = {1},
  month = jan,
  note = {{\it Security Watch} column.}
}

@ARTICLE{Mercuri02,
  author = {R. Mercuri},
  title = {A Better Ballot Box: New electronic voting systems pose risks as
	well as solutions},
  journal = {IEEE Spectrum},
  year = {2002},
  volume = {39},
  pages = {46--50},
  number = {10},
  month = oct,
  note = {\url{http://www.spectrum.ieee.org/WEBONLY/publicfeature/oct02/evot.html}}
}

@ARTICLE{MercuriCACM02-1,
  author = {R. Mercuri},
  title = {Uncommon Criteria},
  journal = {Communications of the ACM},
  year = {2002},
  volume = {45},
  number = {1},
  month = jan,
  note = {{\it Inside Risks} column.}
}

@ARTICLE{MercuriCACM02-11,
  author = {R. Mercuri},
  title = {Florida 2002: Sluggish Systems, Vanishing Votes},
  journal = {Communications of the ACM},
  year = {2002},
  volume = {45},
  number = {11},
  month = nov,
  note = {{\it Inside Risks} column.}
}

@PHDTHESIS{MercuriThesis00,
  author = {R. Mercuri},
  title = {Electronic Vote Tabulation Checks and Balances},
  school = {Department of Computer and Information Systems, University of Pennsylvania},
  year = {2001},
  note = {\url{http://www.notablesoftware.com/evote.html}}
}

@ARTICLE{MercuriCACM93-11,
  author = {R. Mercuri},
  title = {Corrupted Polling},
  journal = {Communications of the ACM},
  year = {1993},
  volume = {36},
  number = {11},
  month = nov,
  note = {{\it Inside Risks} column.}
}

@ARTICLE{MercuriCACM92-11,
  author = {R. Mercuri},
  title = {Voting-Machine Risks},
  journal = {Communications of the ACM},
  year = {1992},
  volume = {35},
  number = {11},
  month = nov,
  note = {{\it Inside Risks} column.}
}

@ARTICLE{MercuriCamp,
  author = {R. Mercuri and L. J. Camp},
  title = {The Code of Elections},
  journal = {Communications of the ACM},
  year = {2004},
  volume = {47},
  pages = {52--57},
  number = {10},
  month = oct,
  note = {{\it Inside Risks} column.}
}

@InCollection{Neumann07Reflections, 
Author = "P.G. Neumann", 
Title = "Reflections on System Trustworthiness",
Editor = "Marvin Zelkowitz",
Booktitle = "Advances in Computers, volume 70", 
Publisher = "Elsevier Inc.", Year = "2007 ", 
Pages="269--310" }

@InProceedings{NeumannWatson10LAW,
Author={Peter G. Neumann and Robert N.~M. Watson},
Title={Capabilities Revisited: A Holistic Approach to
     Bottom-to-Top Assurance of Trustworthy Systems},
BookTitle={Fourth Layered Assurance Workshop},
Organization={U.S. Air Force Cryptographic Modernization Office and AFRL},
Address={Austin, Texas},
Year={2010}, Month=dec, pages={}, Note =
  {\url{http://www.csl.sri.com/neumann/law10.pdf}}}


@INCOLLECTION{MercuriNeumann02-collection,
  author = {R. Mercuri and P.G. Neumann},
  title = {Verification for Electronic Balloting Systems},
  booktitle = {Secure Electronic Voting, Advances in Information Security, Volume
	7},
  publisher = {Kluwer Academic Publishers},
  year = {2002},
  address = {Boston, MA},
  editors = {D. Grizalis}
}

@INPROCEEDINGS{MercuriNeumann02,
  author = {R. Mercuri and P. G. Neumann},
  title = {Verification for Electronic Balloting Systems},
  booktitle = {Secure Electronic Voting},
  year = {2002},
  publisher = {Kluwer Academic Publishers, Boston},
  note = {D. Gritzalis (editor)}
}

@ARTICLE{MercuriNeumannCACM01-1,
  author = {R. Mercuri and P. G. Neumann},
  title = {System Integrity Revisited},
  journal = {Communications of the ACM},
  year = {2001},
  volume = {44},
  number = {1},
  month = jan,
  note = {{\it Inside Risks} column.}
}

@INPROCEEDINGS{Mercuri92,
  author = {R. T. Mercuri},
  title = {Physical Verifiability of Computer Systems},
  booktitle = {5th International Computer Virus and Security Conference},
  year = {1992},
  month = mar
}

@INPROCEEDINGS{mms,
  author = {John C. Mitchell and Mark Mitchell and Ulrich Stern},
  title = {Automated Analysis of Cryptographic Protocols Using Murphi},
  booktitle = {Proceedings of the 1997 IEEE Symposium on Security and Privacy},
  year = {1997},
  pages = {141--151}
}

@INPROCEEDINGS{MWR99,
  author = {Fabien Monrose and P. Wyckoff and Aviel Rubin},
  title = {Distributed Execution with Remote Audit},
  booktitle = {Proceedings of the Network and Distributed Systems Security Symposium},
  year = {1999},
  organization = {Internet Society}
}

@INPROCEEDINGS{SAL2,
  author = {Leonardo de Moura and Sam Owre and Harald Ruess and John Rushby and
	N. Shankar and Maria Sorea and Ashish Tiwari},
  title = {{SAL~2}},
  booktitle = {16th International Conference on Computer Aided Verification},
  year = {2004},
  address = {Boston, MA},
  month = jul
}

@ARTICLE{Mueller-risks-95,
  author = {Marianne Mueller},
  title = {Regarding Java Security},
  journal = {RISKS Forum},
  year = {1995},
  volume = {17},
  number = {45},
  month = nov,
  note = {\url{ftp://ftp.sri.com/risks/risks-17.45}}
}

@MANUAL{mulligan_hall_04,
  title = {Preliminary Analysis Of E-Voting Problems Highlights Need For Heightened
	Standards And Testing},
  author = {Deirdre K. Mulligan and Joseph Lorenzo Hall},
  organization = {National Research Council, Committee on Electronic Voting},
  month = dec,
  year = {2004},
  note = {\url{http://www7.nationalacademies.org/cstb/project_evoting_mulligan.pdf}}
}

@MISC{mulroy_lfl_2002,
  author = {Stephen J. Mulroy},
  title = {{Lemonade From Lemons: Can Advocates Convert {Bush v. Gore} Into
	A Vehicle For Reform?}},
  howpublished = {9 Geo J. Poverty Law And Pol'y 357},
  year = {2002}
}

@INPROCEEDINGS{MPCED02,
  author = {Madanlal Musuvathi and David Park and Andy Chou and Dawson R. Engler
	and David L. Dill},
  title = {{CMC}: A Pragmatic Approach to Model Checking Real Code},
  booktitle = {Proceedings of the Fifth Symposium on Operating Systems Design and
	Implementation},
  year = {2002},
  month = dec
}

@BOOK{TCSEC,
  title = {Department of Defense Trusted Computer System Evaluation Criteria},
  publisher = {National Computer Security Center},
  year = {1985},
  author = {{National Computer Security Center}}
}

@INCOLLECTION{NeculaLee98,
  author = {G.C. Necula and P. Lee},
  title = {Safe, Untrusted Agents Using Proof-Carrying Code},
  booktitle = {Mobile Agents and Security},
  publisher = {Springer-Verlag},
  year = {1998},
  volume = {1419},
  series = {Lecture Notes in Computer Science},
  pages = {61--91}
}

@INPROCEEDINGS{NMcPW02,
  author = {George C. Necula and Scott Mc{P}eak and Westley Weimer},
  title = {{CCured}: type-safe retrofitting of legacy code},
  booktitle = {The 29th {ACM} Symposium on Principles of Programming Languages},
  year = {2002},
  pages = {128--139},
  url = {citeseer.ist.psu.edu/necula02ccured.html}
}

@INPROCEEDINGS{Neumann09CSH,
  author = {P.G. Neumann},
  title = {The Future of Information Assurance},
  booktitle = {Computer Security Handbook},
  year = {2009},
  address = {New York},
  organization = {John Wiley \& Sons},
  note = {Volume 2, invited final chapter.}
}

@INPROCEEDINGS{NeumannDag08,
  author = {P.G. Neumann},
  title = {Combatting Insider Misuse, with Relevance to Integrity and Accountability
	in Elections and Other Applications},
  booktitle = {Dagstuhl Workshop on Insider Threats},
  year = {2008},
  address = {Schloss Dagstuhl, Germany},
  month = jul
}

@incollection{NeumannDag10,
  author = {P.G. Neumann},
  title = {Combatting Insider Threats},
  chapter = {2},
  Booktitle ={Insider Threats in Cybersecurity -- and Beyond},
  editor = {Probst and Hunker and Gollman and Bishop},
  publisher = {Springer Verlag},
  year = {2010}}

@ARTICLE{NeumannMercuriWeinstein01,
  author = {P.G. Neumann and R. Mercuri and L. Weinstein},
  title = {Internet and Electronic Voting},
  journal = {ACM Software Engineering Notes},
  year = {2001},
  volume = {26},
  pages = {8},
  number = {2},
  month = mar
}

@TECHREPORT{NeumannCHATS04,
  author = {P. G. Neumann},
  title = {Principled Assuredly Trustworthy Composable Architectures},
  institution = {Computer Science Laboratory, SRI International},
  year = {2004},
  address = {Menlo Park, California},
  month = dec,
  note = {Final report, SRI Project 11459, \url{www.csl.sri.com/neumann/chats4.html};
	also chats4.ps and chats4.pdf.}
}

@TECHREPORT{NeumannRISKSindexVot,
  author = {P. G. Neumann},
  title = {Illustrative Risks to the Public in the Use of Computer Systems and
	Related Technology, Index to {RISKS} cases},
  institution = {Computer Science Laboratory, SRI International},
  year = {2004},
  address = {Menlo Park, California},
  note = {\url{http://www.csl.sri.com/neumann/illustrative.html}, click on
	``Election Problems''}
}

@INPROCEEDINGS{Neumann03DISCEX3,
  author = {P. G. Neumann},
  title = {Achieving Principled Assuredly Trustworthy Composable Systems and
	Networks},
  booktitle = {Proceedings of the DARPA Information Survivability Conference and
	Exhibition, DISCEX3, volume 2},
  year = {2003},
  pages = {182--187},
  month = apr,
  organization = {DARPA and IEEE Computer Society}
}

@BOOK{NeumannRisksBook,
  title = {Computer-Related Risks},
  publisher = {Addison-Wesley, Reading, MA},
  year = {1995},
  author = {P. G. Neumann},
  note = {ISBN 0-201-55805-X.}
}

@INPROCEEDINGS{Neumann93NCS,
  author = {P. G. Neumann},
  title = {Security Criteria for Electronic Voting},
  booktitle = {Proceedings of the Sixteenth National Computer Security Conference},
  year = {1993},
  pages = {478--482},
  address = {Baltimore, Maryland},
  month = sep
}

@ARTICLE{Neumann90CACM,
  author = {P. G. Neumann},
  title = {Risks in Computerized Elections},
  journal = {Communications of the ACM},
  year = {1990},
  volume = {33},
  pages = {170},
  number = {11},
  month = nov,
  note = {{\it Inside Risks} column.}
}

@TECHREPORT{psos80,
  author = {Peter G. Neumann and Robert S. Boyer and Richard J. Feiertag and
	Karl N. Levitt and Lawrence Robinson},
  title = {A Provably Secure Operating System: The System, Its Applications,
	and Proofs},
  institution = {SRI International},
  year = {1980},
  number = {CSL-116, 2nd Ed.},
  month = may
}

@INPROCEEDINGS{NeumannParker89,
  author = {P. G. Neumann and D.B. Parker},
  title = {A Summary of Computer Misuse Techniques},
  booktitle = {Proceedings of the Twelfth National Computer Security Conference},
  year = {1989},
  pages = {396--407},
  address = {Baltimore, Maryland},
  month = oct,
  organization = {NIST/NCSC},
  key = {Neumann1}
}

@INPROCEEDINGS{NLRC98,
  author = {Noam Nisan and Shmulik London and Oded Regev and Noam Camiel},
  title = {Globally distributed computation over the {Internet} --- The POPCORN
	project},
  booktitle = {Proceedings of the International Conference on Distributed Computing
	Systems},
  year = {1998},
  pages = {592--601}
}

@MISC{fips180-1,
  author = {NIST},
  title = {{Secure Hash Standard}},
  howpublished = {Federal Information Processing Standards Publication},
  month = apr,
  year = {1995},
  note = {FIPS PUB 180-1, US Dept. of Commerce, National Institute of Standards
	and Technology}
}

@INCOLLECTION{Ousterhout+98,
  author = {J.K. Ousterhout and J.Y. Levy and B.B. Welch},
  title = {The {Safe-Tcl} Security Model},
  booktitle = {Mobile Agents and Security},
  publisher = {Springer-Verlag},
  year = {1998},
  volume = {1419},
  series = {Lecture Notes in Computer Science},
  pages = {217--234}
}

@MISC{ovf08,
  author = {{Overseas Vote Foundation}},
  title = {{2008 {OVF} Post Election {UOCAVA} Survey Report and Analysis}},
  month = Feb,
  year = {2009}
}

@MISC{pastor_ellj2004,
  author = {Robert Pastor},
  title = {{Improving The {U.S.} Electoral System: Lessons From {Canada} And
	{Mexico}}},
  howpublished = {3 Election L.J. 584},
  year = {2004}
}

@ARTICLE{pei01,
  author = {D. Pei and X. Zhao and L. Wang and D. Massey and A. Mankin and S.
	Wu and L. Zhang},
  title = {Improving {BGP} Convergence Through Consistency Assertions},
  journal = {IEEE INFOCOM},
  year = {2002},
  month = jun
}

@INPROCEEDINGS{PBM08,
  author = {Sean Peisert and Matt Bishop and Keith Marzullo},
  title = {Computer Forensics \emph{in Forensis}},
  booktitle = {Proceedings of the 3rd International IEEE Workshop on Systematic
	Approaches to Digital Forensic Engineering},
  year = {2008},
  pages = {102--122},
  month = may,
  organization = {IEEE}
}

@INPROCEEDINGS{PBY09,
  author = {Sean Peisert and Matt Bishop and Alec Yasinsac},
  title = {Vote Selling, Voter Anonymity, and Forensic Logging of Electronic
	Voting Machines},
  booktitle = {Proceedings of the 42nd Hawaii International Conference on System
	Sciences},
  year = {2009},
  month = jan
}

@INPROCEEDINGS{usenix-2006,
  author = {Nick L. {Petroni Jr.} and Tim Fraser and William A. Arbaugh},
  title = {An Architecture for Specification Based Detection of Integrity Violations
	in Kernel Dynamic Data},
  booktitle = {Proceedings of the 15th USENIX Security Symposium},
  year = {2006},
  pages = {289--304},
  month = aug
}

@INPROCEEDINGS{PFH03,
  author = {Niels Provos and Markus Friedl and Peter Honeyman},
  title = {Preventing Privilege Escalation},
  booktitle = {Proceedings of the 12th USENIX Security Symposium},
  year = {2003},
  address = {Washington, DC},
  month = Aug
}

@ARTICLE{Reiter98,
  author = {Michael K. Reiter and Aviel D. Rubin},
  title = {Crowds: Anonymity for {Web} Transactions},
  journal = {ACM Transactions on Information System Security},
  year = {1998},
  volume = {1},
  number = {1},
  month = apr
}

@CONFERENCE{RWXZ02:popular,
  author = {Jennifer Rexford and Jia Wang and Zhen Xiao and Yin Zhang},
  title = {{BGP} Routing Stability of Popular Destinations},
  booktitle = {Internet Measurement Workshop},
  year = {2002}
}

@MISC{Richarte02,
  author = {Gerardo Richarte},
  title = {{Four Different Tricks to Bypass {StackShield} and {StackGuard} Protection}},
  howpublished = {\url{http://www.core-sdi.com/files/files/11/StackguardPaper.pdf}},
  year = {2002}
}

@ARTICLE{Mercuri02x,
  author = {H. Riebeek},
  title = {Brazil Holds All-Electronic National Election},
  journal = {IEEE Spectrum},
  year = {2002},
  pages = {25--26},
  month = nov
}

@INCOLLECTION{RiordanSchneier98,
  author = {J. Riordan and B. Schneier},
  title = {Environmental Key Generation Toward Clueless Agents},
  booktitle = {Mobile Agents and Security},
  publisher = {Springer-Verlag},
  year = {1998},
  volume = {1419},
  series = {Lecture Notes in Computer Science},
  pages = {15--24}
}

@INCOLLECTION{Rivest:HTCS,
  author = {R. L. Rivest},
  title = {Cryptography},
  booktitle = {Handbook of Theoretical Computer Science},
  publisher = {Elsevier Science Publishers B.V.},
  year = {1990},
  editor = {J. van Leeuwen},
  volume = {A: Algorithms and Complexity},
  chapter = {13}
}

@ARTICLE{Roth98,
  author = {S. K. Roth},
  title = {Disenfranchised by design: voting systems and the election process},
  journal = {Information Design Journal},
  year = {1998},
  volume = {9},
  number = {1}
}

@INPROCEEDINGS{rushby-81,
  author = {John M. Rushby},
  title = {Design and Verification of Secure Systems},
  booktitle = {Proceedings of the Eighth Symposium on Operating Systems Principles},
  year = {1981},
  pages = {12--21},
  month = dec
}

@ARTICLE{saltzer74,
  author = {Jerome H. Saltzer},
  title = {Information Protection and the Control of Sharing in the {Multics}
	System},
  journal = {Communications of the {ACM}},
  year = {1974},
  volume = {17},
  pages = {388--402},
  number = {7},
  month = jul
}

@INCOLLECTION{SanderTschudin,
  author = {T. Sander and C.F. Tschudin},
  title = {Protecting Mobile Agents Against Malicious Hosts},
  booktitle = {Mobile Agents and Security},
  publisher = {Springer-Verlag},
  year = {1998},
  volume = {1419},
  series = {Lecture Notes in Computer Science},
  pages = {44--60}
}

@INPROCEEDINGS{sandhu92typed,
  author = {R. Sandhu},
  title = {The typed access matrix model},
  booktitle = {Proceedings of the 11th IEEE Symposium on Security and Privacy},
  year = {1992},
  pages = {122--136}
}

@INPROCEEDINGS{SG94b,
  author = {Ravi Sandhu and Srinivas Ganta},
  title = {On the Expressive Power of the Unary Transformation Model},
  booktitle = {Computer Security - ESORICS 94: Third European Symposium on Research
	in Computer Security},
  year = {1994},
  editor = {Dieter Gollmann},
  volume = {875},
  series = {Lecture Notes in Computer Science},
  address = {Brighton, UK},
  month = nov,
  publisher = {Springer-Verlag}
}

@INPROCEEDINGS{SG94a,
  author = {Ravi Sandhu and Srinivas Ganta},
  title = {On the Minimality of Testing for Rights in Transformation Models},
  booktitle = {Proceedings of the 1994 IEEE Symposium on Research in Security and
	Privacy},
  year = {1994},
  pages = {230--241},
  address = {Oakland, CA},
  month = may,
  organization = {IEEE}
}

@INPROCEEDINGS{SG93,
  author = {Ravi Sandhu and Srinivas Ganta},
  title = {On Testing for Absence of Rights in Access Control Models},
  booktitle = {Proceedings The Computer Security Foundations Workshop VI},
  year = {1993},
  pages = {109--118},
  address = {Franconia, NH},
  organization = {IEEE}
}

@ARTICLE{Satya89,
  author = {M. Satyanarayanan},
  title = {Integrating Security in a Large Distributed System},
  journal = {ACM Transactions on Computer Systems},
  year = {1989},
  volume = {7},
  pages = {247--280},
  number = {3}
}

@MISC{rs98,
  author = {Allan M. Schiffman and Eric Rescorla},
  title = {{The Secure HyperText Transfer Protocol}},
  month = jun,
  year = {1998},
  howpublised = {Internet Draft; \url{http://www.ietf.cnri.reston.va.us/internet-drafts/draft-ietf-wts-shttp-06.txt}}
}

@TECHREPORT{schneider98,
  author = {Fred B. Schneider},
  title = {Enforceable Security Policies},
  institution = {Cornell University},
  year = {1998},
  number = {98-1664},
  address = {Department of Computer Science, Cornell University, Ithaca, NY, 14853},
  month = jan
}

@ARTICLE{schroeder-saltzer-72,
  author = {M. D. Schroeder and Jerome H. Saltzer},
  title = {A hardware architecture for implementing protection rings},
  journal = {Communications of the {ACM}},
  year = {1972},
  volume = {15},
  pages = {157--170},
  number = {3},
  month = mar
}

@MISC{pm_schwartz,
  author = {P. M. Schwartz},
  title = {{Voting Technology And Democracy}},
  howpublished = {77 NYU L. Rev. 625},
  month = Sep,
  year = {2002},
  page = {623}
}

@INPROCEEDINGS{SV02,
  author = {Jonathan Shapiro and John Venderburgh},
  title = {Access and Integrity Control in a Public-Access, High-Assurance Configuration
	Management System},
  booktitle = {Proceedings of the 11th USENIX Security Symposium},
  year = {2002},
  pages = {109--120},
  address = {San Francisco, CA},
  month = aug
}

@MISC{Smith09,
  author = {Claire M. Smith},
  title = {{Defining the Universe: The Problem of Counting {UOCAVA} Voters}},
  month = May,
  year = {2009}
}

@INPROCEEDINGS{SBD02,
  author = {A. Stump and C. Barrett and D. Dill},
  title = {{CVC}: a Cooperating Validity Checker},
  booktitle = {14th International Conference on Computer-Aided Verification},
  year = {2002},
  editors = {K. Larsen and E. Brinksma}
}

@INPROCEEDINGS{SJSW09,
  author = {Cynthia Sturton and Susmit Jha and Sanjit A. Seshia and David Wagner},
  title = {On Voting Machine Design for Verification and Testability},
  booktitle = {Proceedings of the 16th ACM Conference on Computer and Communications
	Security (CCS 2009)},
  year = {2009},
  month = Nov
}

@MISC{tokaji_findlaw_2004,
  author = {Daniel Tokaji},
  title = {{The 2008 Election: Could It Be A Repeat of 2000?}},
  howpublished = {Findlaw's Legal Commentary},
  month = Nov,
  year = {2004},
  note = {\url{http://writ.news.findlaw.com/commentary/20041130_tokaji.html}}
}

@MISC{tokaji_paperchase,
  author = {D. Tokaji},
  title = {{The Paperless Chase: Electronic Voting and Democratic Values}},
  howpublished = {Public Law and Legal Theory Working Paper Series},
  month = Sep,
  year = {2004},
  note = {\url{http://papers.ssrn.com/sol3/papers.cfm?abstract_id=594444}},
  number = {25}
}

@INPROCEEDINGS{TK02,
  author = {Thomas Toth and Christopher Kruegel},
  title = {Accurate Buffer Overflow Detection via Abstract Payload Execution},
  booktitle = {Proceedings Fifth Symposium on Recent Advances in Intrusion Detection},
  year = {2002},
  editor = {Andreas Wespi and Giovanni Vigna and Luca Deri},
  volume = {2516},
  series = {LNCS},
  pages = {274--291},
  address = {Zurich, Switzerland},
  month = oct,
  publisher = {Springer-Verlag}
}

@INPROCEEDINGS{TY03,
  author = {Eugene Tsyrklevich and Bennet Yee},
  title = {Dynamic Detection and Prevention of Race Conditions in File Accesses},
  booktitle = {Proceedings of the 12th USENIX Security Symposium},
  year = {2003},
  pages = {243--256},
  address = {Washington, DC},
  month = aug
}

@MISC{eac06,
  author = {{U.S. Election Assistance Commission}},
  title = {{The 2006 Election Administration and Voting Survey}},
  month = Dec,
  year = {2007}
}

@BOOK{VignaEd98,
  title = {Mobile Agents and Security},
  publisher = {Springer-Verlag},
  year = {1998},
  author = {G. {Vigna, ed.}},
  volume = {1419},
  series = {Lecture Notes in Computer Science},
  address = {Berlin}
}

@INCOLLECTION{Vigna98,
  author = {G. Vigna},
  title = {Cryptographic Traces for Mobile Agents},
  booktitle = {Mobile Agents and Security},
  publisher = {Springer-Verlag},
  year = {1998},
  volume = {1419},
  series = {Lecture Notes in Computer Science},
  pages = {137--153}
}

@INCOLLECTION{VolpanoSmith98,
  author = {D. Volpano and G. Smith},
  title = {Language Issues in Mobile Program Security},
  booktitle = {Mobile Agents and Security},
  publisher = {Springer-Verlag},
  year = {1998},
  volume = {1419},
  series = {Lecture Notes in Computer Science},
  pages = {25--43}
}

@INPROCEEDINGS{Lucco:SOSP,
  author = {Robert Wahbe and Steven Lucco and Thomas E. Anderson and Susan Graham},
  title = {Efficient Software-Based Fault Isolation},
  booktitle = SOSP14,
  year = {1993}
}

@ARTICLE{WRC00,
  author = {Marc Waldman and Aviel D. Rubin and Lorrie F. Cranor},
  title = {Publius: A Robust, tamper-evident, censorship-resistant web publishing
	system},
  journal = {{USENIX} Security Conference IX},
  year = {2000},
  pages = {59--72},
  month = aug
}

@PHDTHESIS{Wallach99,
  author = {Daniel S. Wallach},
  title = {A New Approach to Mobile Code Security},
  school = {Princeton University},
  year = {1999},
  month = jan
}

@INPROCEEDINGS{WBDF97,
  author = {Dan S. Wallach and Dirk Balfanz and Drew Dean and Edward W. Felten},
  title = {Extensible Security Architectures for {J}ava},
  booktitle = SOSP16,
  year = {1997},
  address = {Saint Malo, France},
  month = oct
}

@CONFERENCE{policy,
  author = {F. Wang and L. Gao},
  title = {Inferring and Characterizing {Internet} Routing Policies},
  booktitle = {Internet Measurement Conference},
  year = {2003}
}

@ARTICLE{taos94,
  author = {Edward Wobber and Mart\'{i}n Abadi and Michael Burrows and Butler
	Lampson},
  title = {Authentication in the {Taos} Operating System},
  journal = {{ACM} Transactions on Computer Systems},
  year = {1994},
  volume = {12},
  pages = {3--32},
  number = {1},
  month = feb
}

@MISC{wold_2004,
  author = {Darryl R. Wold},
  title = {{The {HAVA} Requirement for a Voter Verified Paper Record}},
  howpublished = {A whitepaper authored by former FEC Chairman Wold},
  month = Jul,
  year = {2003},
  note = {\url{http://www.verifiedvoting.org/downloads/resources/documents/HAVA_Requirement_for_VVP_Record.pdf}}
}

@INPROCEEDINGS{XCE03,
  author = {Yichen Xie and Andy Chou and Dawson Engler},
  title = {{ARCHER}: Using Symbolic, Path-sensitive Analysis to Detect Memory
	Access Errors},
  booktitle = {Proceedings of the European Software Engineering Conference and ACM
	SIGSOFT Symposium on the Foundations of Software Engineering},
  year = {2003},
  address = {Helsinki, Finland},
  month = sep
}

@INPROCEEDINGS{NaCl,
  author = {Bennet Yee and David Sehrand and Gregory Dardyk and J. Bradley Chen
	and Robert Muth and Tavis Ormandy and Shiki Okasaka and Neha Narula
	and Nicholas Fullagar},
  title = {Native Client: A Sandbox for Portable, Untrusted x86 Native Code},
  booktitle = {Proceedings of the {IEEE} Symposium on Security and Privacy},
  year = {2009}
}

@ARTICLE{YBK85,
  author = {W. D. Young and W. E. Boebert and R. Y. Kain},
  title = {Proving a Computer System Secure},
  journal = {Scientific Honeyweller},
  year = {1985},
  volume = {6},
  pages = {18--27},
  number = {2},
  month = jul,
  note = {Reprinted in Tutorial: Computer and Network Security, M. D. Abrams
	and H. J. Podell, editors, IEEE Computer Society Press, 1987, pp.
	142--157}
}

@INPROCEEDINGS{zhao-oopsla03,
  author = {Tian Zhao and Jens Palsberg and Jan Vitek},
  title = {Lightweight Confinement for {Featherweight Java}},
  booktitle = {OOPSLA '03},
  year = {2003},
  address = {Anaheim, CA},
  month = oct
}

@CONFERENCE{Zet01:moas,
  author = {X. Zhao and D. Pei and L. Wang and D. Massey and A. Mankin and S.F.
	Wu and L. Zhang},
  title = {An Analysis of {BGP Multiple Origin AS (MOAS)} Conflicts},
  booktitle = {Internet Measurement Workshop},
  year = {2001}
}

@INPROCEEDINGS{zpw+01,
  author = {X. Zhao and D. Pei and L. Wang and D. Massey and A. Mankin and S.
	F. Wu and and L. Zhang},
  title = {An Analysis of {BGP} {Multiple Origin AS (MOAS)} Conflicts},
  booktitle = {ACM SIGCOMM Internet Measurement Workshop 2001},
  year = {2001},
  month = nov,
  organization = {ACM}
}

@MISC{black_v_mcguffage_2002,
  howpublished = {{\it Black v. Mcguffage,} 209 F. Supp. 2d 889 (N.D. Ill. 2002)}
}

@MISC{bushvgore,
  howpublished = {{\it Bush v. Gore,} 531 U.S. 98 (Dec. 2000)}
}

@MISC{commoncausevjones,
  howpublished = {{\it Common Cause v. Jones,} 213 F. Supp. 2d 1106 (Aug. 2001)}
}

@MISC{CVE-2002-0059,
  howpublished = {Available from \url{http://cve.mitre.org/cgi-bin/cvename.cgi?name=CVE-2002-0059}}
}

@MISC{naacp_v_harris_2001,
  howpublished = {{\it {NAACP} V. Harris,} No. 01-Civ-120 (S.D. Fla. {\it Filed} Jan.
	10, 2001)}
}

@MISC{svrep_v_shelley_2003,
  howpublished = {{\it Southwest Voter Registration Education Project V Shelley,} 344
	F.3d 914 (9th Cir. 2003 ({\it En Banc}))}
}

@MISC{webervshelley,
  howpublished = {{\it Weber v. Shelley}, 347 F.3d 1101 (Oct. 2003)}
}

@PROCEEDINGS{DBLP:conf/acsac/2008,
  title = {Proceedings of the 24th Annual Computer Security Applications Conference (ACSAC
	'08), Anaheim, California, USA, 8-12 Dec. 2008},
  year = {2008},
  publisher = {IEEE Computer Society},
  bibsource = {DBLP, http://dblp.uni-trier.de},
  booktitle = {ACSAC},
  isbn = {978-0-7695-3447-3}
}

@INCOLLECTION{DefenseInDepthNSA,
  title = {Defense in Depth},
  booktitle = {Security Recommendation Guides},
  publisher = {National Security Agency},
  year = {2003},
  note = {\url{http://nsa2.www.conxion.com/support/download.htm}}
}

@MANUAL{DieboldChecksNBalances,
  title = {Checks and Balances in Elections Equipment and Procedures Prevent
	Alleged Fraud Scenarios},
  organization = {Diebold Election Systems},
  month = jul,
  year = {2003},
  note = {\url{http://www2.diebold.com/checksandbalances.pdf}}
}

@MANUAL{FEC2002,
  title = {Voting System Standards},
  organization = {Federal Election Commission},
  month = apr,
  year = {2002},
  note = {\url{http://www.fec.gov/pages/vssfinal/vss.html}}
}

@MISC{HAVA,
  title = {{Help America Vote Act}},
  year = {2002},
  note = {United States Public Law 107-252}
}

@MANUAL{HouseScienceCommMay2002,
  title = {Improving Voting Technology},
  organization = {House Committee on Science, 107th Congress},
  month = may,
  year = {2001},
  note = {USGPO Serial No. 107-20}
}

@MISC{tffes_2001,
  title = {{Task Force on The Federal Election System, National Commission on
	Federal Election Reform, to Assure Pride and Confidence in the Electoral
	Process}},
  year = {2001}
}

@MANUAL{USCCRflorida2000,
  title = {Voting Irregularities in Florida During the 2000Presidential Election},
  organization = {United States Commission on Civil Rights},
  month = jun,
  year = {2001},
  note = {\url{http://www.usccr.gov/pubs/vote2000/report/main.htm}}
}

@MISC{fec_vendors,
  title = {{Known Vendors of Computerized Vote Tabulation Systems}},
  howpublished = {FEC Web site},
  month = Dec,
  year = {2000},
  note = {\url{http://www.fec.gov/pages/vendors12-00.htm}}
}

@MANUAL{FEC1990,
  title = {Performance and Test Standards for Punchcard, Marksense, and Direct
	Recording Electronic Voting Systems},
  organization = {Federal Election Commission},
  month = apr,
  year = {1990}
}

