% This file was created with JabRef 2.5.
% Encoding: ISO8859_1

@STRING{acm = {Association for Computing Machinery}}

@STRING{acsac = { Aerospace Computer Security Applications Conference}}

@STRING{afips = {AFIPS Conference Proceedings}}

@STRING{agard = {NATO Advisory Group for Aerospace Research and Development(AGARD)}}

@STRING{aiaa = {American Institute of Aeronautics and Astronautics}}

@STRING{ams = {American Mathematical Society}}

@STRING{annals = {IEEE Annals of the History of Computing}}

@STRING{awst = {Aviation Week and Space Technology}}

@STRING{cade = { International Conference on Automated Deduction (CADE)}}

@STRING{cav = {Computer-Aided Verification, CAV '}}

@STRING{ccsc = {Consortium for Computing in Small Colleges}}

@STRING{cipher = {Cipher (Newsletter of the {IEEE} Technical Committee on Security
	and Privacy)}}

@STRING{cj = {Computer Journal}}

@STRING{compsac = { International Computer Software and Applications Conference ({COMPSAC})}}

@STRING{csfs = { Computer Security Foundations Symposium}}

@STRING{csfw = {Proceedings of the Computer Security Foundations Workshop}}

@STRING{csl = {Computer Science Laboratory, SRI International}}

@STRING{csli = {Center for the Study of Language and Information}}

@STRING{cup = {Cambridge University Press}}

@STRING{dasc = { AIAA/IEEE Digital Avionics Systems Conference}}

@STRING{dcca = { IFIP Working Conference on Dependable Computing for Critical Applications}}

@STRING{dcs = { International Conference on Distributed Computing Systems}}

@STRING{dover = {Dover Publications, Inc.}}

@STRING{dsn = {The International Conference on Dependable Systems and Networks}}

@STRING{esorics = { European Symposium on Research in Computer Security{(ESORICS)}}}

@STRING{ewics = {Electronic Workshops in Computing (\url{http://ewic.org.uk/ewic/})}}

@STRING{facs = {Formal Aspects of Computing}}

@STRING{fmsd = {Formal Methods in Systems Design}}

@STRING{focs = { Annual Symposium on Foundations of Computer Science}}

@STRING{ftcs = {Fault Tolerant Computing Symposium }}

@STRING{ftdcs = { IEEE Workshop on Future Trends in Distributed Computing}}

@STRING{gtm = {Graduate Texts in Mathematics}}

@STRING{hpj = {Hewlett-Packard Journal}}

@STRING{iasted = {The International Association of Science and Technology for Development}}

@STRING{icalp = { International Colloquium: Automata, Languages and Programming (ICALP)}}

@STRING{icfp = { International Conference on Functional Programming}}

@STRING{icse = { International Conference on Software Engineering}}

@STRING{iee = {The Institution of Electrical Engineers}}

@STRING{ieee = {The Institute of Electrical and Electronics Engineers}}

@STRING{ieeeac = {IEEE Transactions on Automatic Control}}

@STRING{ieeeaes = {IEEE Aerospace and Electronic Systems Magazine}}

@STRING{ieeecad = {IEEE Transactions on Computer-Aided Design}}

@STRING{ieeecs = {IEEE Computer Society}}

@STRING{ieeecsfw = { Computer Security Foundations Workshop}}

@STRING{ieeecsm = {IEEE Control Systems Magazine}}

@STRING{ieeekde = {IEEE Transactions on Knowledge and Data Engineering}}

@STRING{ieeepds = {IEEE Transactions on Parallel and Distributed Systems}}

@STRING{ieeesmc = {IEEE Transactions on Systems, Man and Cybernetics}}

@STRING{ieeetc = {IEEE Transactions on Computers}}

@STRING{ieeetr = {IEEE Transactions on Reliability}}

@STRING{ieeetse = {IEEE Transactions on Software Engineering}}

@STRING{ieepb = {IEE Proceedings, Part B: Electric Power Applications}}

@STRING{ieepd = {IEE Proceedings, Part D: Control Theory and Applications}}

@STRING{ieepe = {IEE Proceedings, Part E: Computers and Digital Techniques}}

@STRING{ieepg = {IEE Proceedings, Part G: Circuits Devices and Systems}}

@STRING{ijcar = { International Joint Conference on Automated Reasoning ({IJCAR})}}

@STRING{issta = {International Symposium on Software Testing and Analysis ({ISSTA})}}

@STRING{jama = {Journal of the American Medical Association}}

@STRING{jar = {Journal of Automated Reasoning}}

@STRING{jgcd = {AIAA Journal of Guidance, Control, and Dynamics}}

@STRING{jsa = {Journal of Systems Architecture (formerly published as Microprocessing
	and Microprogramming: the Euromicro Journal)}}

@STRING{jsc = {NASA Johnson Space Center}}

@STRING{jsl = {Journal of Symbolic Logic}}

@STRING{jucs = {Journal of Universal Computer Science}}

@STRING{larc = {NASA Langley Research Center}}

@STRING{lics = {Annual IEEE Symposium on Logic in Computer Science}}

@STRING{lnai = {Lecture Notes in Artificial Intelligence}}

@STRING{lncs = {Lecture Notes in Computer Science}}

@STRING{lnm = {Lecture Notes in Mathematics}}

@STRING{mp = {Menlo Park, CA}}

@STRING{naecon = {National Aerospace and Electronics Conference (NAECON)}}

@STRING{ncc = {National Computer Conference}}

@STRING{newcsfw = { Computer Security Foundations Workshop}}

@STRING{nist = {National Institute of Standards and Technology}}

@STRING{ny = {New York, NY}}

@STRING{osr = {ACM Operating Systems Review}}

@STRING{oup = {Oxford University Press}}

@STRING{phiscs = {Prentice Hall International Series in Computer Science}}

@STRING{podc = { ACM Symposium on Principles of Distributed Computing}}

@STRING{popl = { ACM Symposium on Principles of Programming Languages}}

@STRING{rts = {Real-Time Systems}}

@STRING{rtss = {Real Time Systems Symposium}}

@STRING{sae = {Society of Automotive Engineers}}

@STRING{scp = {Science of Computer Programming}}

@STRING{sej = {IEE/BCS Software Engineering Journal}}

@STRING{sen = {ACM Software Engineering Notes}}

@STRING{sosp = { ACM Symposium on Operating System Principles}}

@STRING{spaa = { ACM Symposium on Parallel Algorithms and Architectures}}

@STRING{spe = {Software---Practice and Experience}}

@STRING{srds = { Symposium on Reliable Distributed Systems}}

@STRING{srsp = {Proceedings of the Symposium on Research in Security and Privacy}}

@STRING{ssp = {Proceedings of the Symposium on Security and Privacy}}

@STRING{sttt = {Software Tools for Technology Transfer}}

@STRING{sv = {Springer-Verlag}}

@STRING{svwc = {Springer-Verlag Workshops in Computing}}

@STRING{tcs = {Theoretical Computer Science}}

@STRING{tissec = {ACM Transactions on Information and System Security}}

@STRING{tochi = {ACM Transactions on Computer-Human Interaction}}

@STRING{todaes = {ACM Transactions on Design Automation of Electronic Systems (TODAES)}}

@STRING{tosem = {ACM Transactions on Software Engineering and Methodology}}

@STRING{utm = {Undergraduate Texts in Mathematics}}

@STRING{wiley = {John Wiley and Sons}}

@INPROCEEDINGS{Lincoln:ppolyequiv99,
  author = {P.D. Lincoln and J.C. Mitchell and M. Mitchell and A. Scedrov},
  title = {Probabilistic polynomial-time equivalence and security protocols},
  booktitle = {FM99: The World Congress in Formal Methods},
  pages = {776--788},
  year = {1999},
  editor = {Jeannette Wing and Jim Woodcock},
  volume = {1708},
  series = lncs,
  address = {Toulouse, France},
  publisher = sv,
  month = sep
}

%  crossref = {FM99}

@INPROCEEDINGS{Rushby00:fm-elsewhere,
  author = {John Rushby},
  title = {Analyzing Cockpit Interfaces Using Formal Methods},
  crossref = {FM-Elsewhere00}
}

@INPROCEEDINGS{Rushby:HESSD99,
  author = {John Rushby},
  title = {Using Model Checking to Help Discover Mode Confusions and Other Automation
	Surprises},
  note = {Revised version to appear in {\em Reliability Engineering and System
	Safety};Preprint available at \url{http://www.csl.sri.com/papers/hessd99/}},
  crossref = {HESSD99}
}

@INPROCEEDINGS{Saidi&Graf97:CAV,
  author = {Hassen Sa{\"\i}di and Susanne Graf},
  title = {Construction of Abstract State Graphs with {PVS}},
  pages = {72--83},
  crossref = {CAV97}
}

@TECHREPORT{Ball-etal:SLAMtransfer,
  author = {Thomas Ball and Byron Cook and Vladimir Levin and Sriram K. Rajamani},
  title = {{SLAM and Static Driver Verifier}: Technology Transfer of Formal
	Methods inside {Microsoft}},
  institution = {Microsoft Research},
  year = {2004},
  number = {MSR-TR-2004-08},
  address = {Redmond, WA},
  month = jan,
  note = {{SDV} home page \url{http://www.microsoft.com/whdc/devtools/tools/sdv.mspx}}
}

@INPROCEEDINGS{Brandt2005,
  author = {Brandt, Felix and Sandholm, Tuomas},
  title = {Decentralized voting with unconditional privacy},
  booktitle = {AAMAS '05: Proceedings of the fourth international joint conference
	on Autonomous agents and multiagent systems},
  year = {2005},
  pages = {357--364},
  address = {New York, NY, USA},
  publisher = {ACM},
  doi = {http://doi.acm.org/10.1145/1082473.1082528},
  isbn = {1-59593-093-0},
  location = {The Netherlands}
}

@INPROCEEDINGS{CDLMS:crypto:99,
  author = {Iliano Cervesato and Nancy A. Durgin and Patrick Lincoln and John
	C. Mitchell and Andre Scedrov},
  title = { A Meta-Notation for Protocol Analysis},
  booktitle = {12th IEEE Computer Security Foundations Workshop},
  year = {1999},
  address = {Mordano, Italy}
}

@BOOK{ClarkeGrumbergPeled99,
  title = {Model Checking},
  publisher = {MIT Press},
  year = {1999},
  author = {E. M. Clarke and Orna Grumberg and Doron Peled}
}

@BOOK{FHMV:knowledge:95,
  title = {Reasoning About Knowledge},
  publisher = {MIT Press},
  year = {1995},
  author = {Ronald Fagin and Joseph Y. Halpern and Yoram Moses and Moshe Y. Vardi}
}

@INPROCEEDINGS{Vardi&Halpern91:KR,
  author = {Joseph Y. Halpern and Moshe Y. Vardi},
  title = {Model Checking Vs.\ Theorem Proving---A Manifesto},
  booktitle = {2nd International Conference on Principles of Knowledge Representation
	and Reasoning ({KR'91})},
  year = {1991},
  pages = {325--334},
  address = {Cambridge, MA},
  month = apr,
  organization = acm
}

@BOOK{Hintikka:pwm,
  title = {Knowledge and Belief},
  publisher = {Cornell University Press},
  year = {1962},
  author = {J. Hintikka},
  address = {Ithaca, NY}
}

@ARTICLE{PRISM:04,
  author = {M. Kwiatkowska and G. Norman and D. Parker},
  title = {Probabilistic Symbolic Model Checking with {PRISM}: A Hybrid Approach},
  journal = {International Journal on Software Tools for Technology Transfer (STTT)},
  year = {2004},
  publisher = sv
}

@ARTICLE{359563,
  author = {Lamport, Leslie},
  title = {Time, clocks, and the ordering of events in a distributed system},
  journal = {Commun. ACM},
  year = {1978},
  volume = {21},
  pages = {558--565},
  number = {7},
  address = {New York, NY, USA},
  doi = {http://doi.acm.org/10.1145/359545.359563},
  issn = {0001-0782},
  publisher = {ACM}
}

@ARTICLE{Leveson:STAMP,
  author = {Nancy Leveson},
  title = {A New Accident Model for Engineering Safer Systems},
  journal = {Safety Science},
  year = {2004},
  volume = {42},
  pages = {237--270},
  number = {4},
  month = apr
}

@INPROCEEDINGS{Moses88,
  author = {Yoram Moses},
  title = {Resource-bounded knowledge},
  booktitle = {TARK '88: Proceedings of the 2nd conference on Theoretical aspects
	of reasoning about knowledge},
  year = {1988},
  pages = {261--275},
  address = {San Francisco, CA, USA},
  publisher = {Morgan Kaufmann Publishers Inc.},
  isbn = {0-934613-66-9},
  location = {Pacific Grove, California}
}

@ARTICLE{OPPEN79,
  author = {G. Nelson and D. C. Oppen},
  title = {Simplification by Cooperating Decision Procedures},
  journal = toplas,
  year = {1979},
  volume = {1},
  pages = {245-257},
  number = {2}
}

@ARTICLE{Rushby:RESS02,
  author = {John Rushby},
  title = {Using Model Checking to Help Discover Mode Confusions and Other Automation
	Surprises},
  journal = {Reliability Engineering and System Safety},
  year = {2002},
  volume = {75},
  pages = {167--177},
  number = {2},
  month = feb,
  note = {Available at \url{http://www.csl.sri.com/users/rushby/abstracts/ress02}}
}

@ARTICLE{fabrega99jcs,
  author = {F. Javier Thayer and Jonathan Herzog and Joshua D. Guttman},
  title = {Strand spaces: Proving security protocols correct},
  journal = {Journal of Computer Security},
  year = {1999},
  volume = {7},
  pages = {191--230},
  number = {2,3}
}

@PROCEEDINGS{FM-Elsewhere00,
  title = {Proceedings of {FM-Elsewhere}},
  year = {2000},
  editor = {H. Bowman},
  volume = {43},
  series = {Electronic Notes in Theoretical Computer Science},
  address = {Pisa, Italy},
  publisher = {Elsevier},
  note = {Available at \url{http://www.elsevier.nl/locate/entcs/volume43.html}},
  month = oct,
  booktitle = {Proceedings of {FM-Elsewhere}}
}

@PROCEEDINGS{CAV97,
  title = cav # {97},
  year = {1997},
  editor = {Orna Grumberg},
  volume = {1254},
  series = lncs,
  address = {Haifa, Israel},
  publisher = sv,
  month = jun,
  booktitle = cav # {97},
  key = {CAV'97}
}

@PROCEEDINGS{HESSD99,
  title = {Proceedings of the 3rd Workshop on Human Error,Safety, and System
	Development (HESSD'99)},
  year = {1999},
  editor = {Denis Javaux and V\'{e}ronique De Keyser},
  address = {University of Liege, Belgium},
  month = jun,
  booktitle = {Proceedings of the 3rd Workshop on Human Error,Safety, and System
	Development (HESSD'99)}
}

@PROCEEDINGS{FM99,
  title = {FM99: The World Congress in Formal Methods},
  year = {1999},
  editor = {Jeannette Wing and Jim Woodcock},
  volume = {1708 and 1709},
  series = lncs,
  address = {Toulouse, France},
  publisher = sv,
  note = {Pages 1--938 are in the first volume, 939--1872 in the second.},
  month = sep,
  booktitle = {FM99: The World Congress in Formal Methods}
}

@Article{journals/csur/Shankar09,
  title =	"Automated deduction for verification",
  author =	"Natarajan Shankar",
  journal =	"ACM Comput. Surv",
  year = 	"2009",
  number =	"4",
  volume =	"41",
  pages =       "20:1--56",
  bibdate =	"2009-10-08",
  bibsource =	"DBLP,
		 http://dblp.uni-trier.de/db/journals/csur/csur41.html#Shankar09",
  URL =  	"http://doi.acm.org/10.1145/1592434.1592437",
}

@misc{cryptoeprint:2010:452,
    author = {Feng Hao and Matthew Nicolas Kreeger},
    title = {Every Vote Counts: Ensuring Integrity in Large-Scale DRE-based Electronic Voting},
    howpublished = {Cryptology ePrint Archive, Report 2010/452},
    year = {2010},
    note = {\url{http://eprint.iacr.org/}},
}

﻿@incollection {Carroll,
   author = {Morgan, Carroll},
   affiliation = {Dept. of Computer Science and Engineering, University of New South Wales, Sydney, 2052 Australia},
   title = {The Shadow Knows: Refinement of Ignorance in Sequential Programs},
   booktitle = {Mathematics of Program Construction},
   series = {Lecture Notes in Computer Science},
   editor = {Uustalu, Tarmo},
   publisher = {Springer Berlin / Heidelberg},
   isbn = {},
   pages = {359-378},
   volume = {4014},
   url = {http://dx.doi.org/10.1007/11783596\_21},
   note = {10.1007/11783596\_21},
   year = {2006}
}

@InProceedings{conf/csfw/BengtsonBFGM08,
  title =	"Refinement Types for Secure Implementations",
  author =	"Jesper Bengtson and Karthikeyan Bhargavan and
		 C{\'e}dric Fournet and Andrew D. Gordon and Sergio
		 Maffeis",
  publisher =	"IEEE Computer Society",
  year = 	"2008",
  bibdate =	"2008-06-24",
  bibsource =	"DBLP,
		 http://dblp.uni-trier.de/db/conf/csfw/csf2008.html#BengtsonBFGM08",
  booktitle =	csfw,
  ISBN = 	"978-0-7695-3182-3",
  pages =	"17--32",
  URL =  	"http://doi.ieeecomputersociety.org/10.1109/CSF.2008.27",
}

@Article{journals/jcs/DelauneKR09,
  title =	"Verifying privacy-type properties of electronic voting
		 protocols",
  author =	"St{\'e}phanie Delaune and Steve Kremer and Mark Ryan",
  journal =	"Journal of Computer Security",
  year = 	"2009",
  number =	"4",
  volume =	"17",
  bibdate =	"2009-08-20",
  bibsource =	"DBLP,
		 http://dblp.uni-trier.de/db/journals/jcs/jcs17.html#DelauneKR09",
  pages =	"435--487",
  URL =  	"http://dx.doi.org/10.3233/JCS-2009-0340",
}

@inproceedings{SALoverview00:LFM,
	AUTHOR = {Saddek Bensalem and Vijay Ganesh and Yassine
			Lakhnech and C\'{e}sar Mu{\~{n}}oz and Sam Owre and Harald Rue{\ss} and
			John Rushby and Vlad Rusu and Hassen Sa{\"\i}di and N. Shankar and
			Eli Singerman and Ashish Tiwari},
	TITLE = {An Overview of {SAL}},
	PAGES = {187--196},
	URL = {http://www.csl.sri.com/reports/html/lfm2000.html},
	CROSSREF = {LFM00}
}

@PROCEEDINGS{LFM00,
	BOOKTITLE = {LFM 2000: Fifth NASA Langley Formal Methods Workshop},
	TITLE = {LFM 2000: Fifth NASA Langley Formal Methods Workshop},
        MONTH = jun,
        YEAR = 2000,
	EDITOR = {C. Michael Holloway},
	ORGANIZATION = larc,
	ADDRESS = {Hampton, VA},
	NOTE = {Proceedings available at \url{http://shemesh.larc.nasa.gov/fm/Lfm2000/Proc/}}
}

@INPROCEEDINGS{Dutertre&deMoura06,
        AUTHOR = {Bruno Dutertre and Leonardo de Moura},
        TITLE = {A Fast Linear-Arithmetic Solver for {DPLL(T)}},
	BOOKTITLE = cav # {2006},
        SERIES= lncs,
        PUBLISHER=sv,
        VOLUME = 4144,
        PAGES= {81--94},
	MONTH = aug,
        YEAR = 2006,
	ADDRESS = {Seattle, WA}
}

@inproceedings{demoura-etal07:VSTTE,
	AUTHOR = {Leonardo de Moura and Sam Owre and Harald Rue{\ss} and
		John Rushby and Natarajan Shankar},
	TITLE = {Integrating Verification Components},
	CROSSREF = {VSTTE07}
}

@proceedings{VSTTE07,
        TITLE = {Verified Software:
                 Theories, Tools, and Experiments},
        BOOKTITLE = {Verified Software:
                 Theories, Tools, and Experiments},
        EDITOR = {Bertrand Meyer and Jim Woodcock},
	PUBLISHER = sv,
	NUMBER = 4171,
	SERIES =lncs, 
        YEAR = 2008
}


@article{Owre95:prolegomena,
	AUTHOR = {Sam Owre and John Rushby and Natarajan Shankar and
		Friedrich von Henke},
	TITLE = {Formal Verification for Fault-Tolerant Architectures:
		Prolegomena to the Design of {PVS}},
	JOURNAL = ieeetse,
	VOLUME = 21,
	NUMBER = 2,
	PAGES = {107--125},
	MONTH = feb,
	YEAR = 1995,
	NOTE = {PVS home page: \url{http://pvs.csl.sri.com}}
}

