% The only solid android research done thus far
% TODO: flesh out this citation
@article{enck-TR,
  title={{Networking and Security Research Center}},
  author={Enck, W. and Ongtang, M. and McDaniel, P.}
}

@inproceedings{kirin,
title={On Lightweight Mobile Phone Application Certification},
author={Enck, W. and Ongtang, M. and McDaniel, P.},
booktitle = {16th ACM Conference on Computer and Communications Security (CCS '09)},
address = "Chicago, IL",
month = nov,
year={2009},
}

@inproceedings{saint,
title={Semantically Rich Application-Centric Security in {Android}},
author={Ongtang, M. and McLaughlin, S. and Enck, W. and McDaniel, P.},
booktitle={Proceedings of the 25th Annual Computer Security Applications Conference (ACSAC '09)},
month = dec,
address = "Honolulu, HI",
year={2009},
}

@article{SecbyC,
  title={{Security-by-contract} on the {.NET} platform},
  author={Desmet, L. and Joosen, W. and Massacci, F. and Philippaerts, P. and Piessens, F. and Siahaan, I. and Vanoverberghe, D.},
  journal={Information Security Technical Report},
  volume={13},
  number={1},
  pages={25--32},
  year={2008},
}

@inproceedings{defcon,
  title={{DEFCON}: high-performance event processing with information security},
  author={Migliavacca, M. and Papagiannis, I. and Eyers, D. M. and Shand, B. and Bacon, J. and Pietzuch, P.},
  booktitle={Proceedings of the 2010 USENIX Annual Technical Conference},
  address = "Boston, MA",                 
  month = jun,
  year={2010}
}

@article{shabtai2009google,
  title={Google {Android}: A State-of-the-Art Review of Security Mechanisms},
  author={Shabtai, A. and Fledel, Y. and Kanonov, U. and Elovici, Y. and Dolev, S.},
  journal={Arxiv preprint arXiv:0912.5101},
  year={2009}
}

@inproceedings{taintdroid,
title={{TaintDroid}: An Information-Flow Tracking System for Realtime Privacy Monitoring on Smartphones},
author={Enck, W. and Gilbert, P. and Byung-gon, C. and Cox, L. P. and Jung, J. and McDaniel, P. and Sheth A. N.},
booktitle={Proceeding of the 9th USENIX Symposium on Operating Systems Design and Implementation (OSDI '10)},
pages={393--408},
year={2010},
}
% End android research


@article{end2end,
  title={End-to-end arguments in system design},
  author={Saltzer, J. H. and Reed, D. P. and Clark, D. D.},
  journal={ACM Transactions on Computer Systems (TOCS)},
  volume={2},
  number={4},
  pages={288},
  year={1984},
}

@unpublished{barth2009security,
  title={The security architecture of the {Chromium} browser},
  author={Barth, A. and Jackson, C. and Reis, C.},
  note={Technical Report, \url{http://www.adambarth.com/papers/2008/barth-jackson-reis.pdf}},
  year = 2008,
}

@article{taos,
  title={Authentication in the {Taos} operating system},
  author={Wobber, E. and Abadi, M. and Burrows, M. and Lampson, B.},
  journal={ACM Transactions on Computer Systems (TOCS)},
  volume={12},
  number={1},
  pages={3--32},
  year={1994},
}

@inproceedings{cdiff,
  title={{CDiff}: a new reduction technique for constraint-based analysis of security protocols},
  author={Basin, D. and M{\"{o}}dersheim, S. and Vigano, L.},
  booktitle={Proceedings of the 10th ACM conference on Computer and communications security},
  pages={335--344},
  year={2003},
}

@inproceedings{gazelle,
  title={The multi-principal {OS} construction of the {Gazelle} web browser},
  author={Wang, H. J. and Grier, C. and Moshchuk, A. and King, S. T. and Choudhury, P. and Venter, H.},
  booktitle={Proceedings of the 18th USENIX Security Symposium},
  year={2009}
}

% Not the full chrome paper, more of a lessons learned paper
@article{reis2009browser,
  title={Browser security: lessons from {Google Chrome}},
  author={Reis, C. and Barth, A. and Pizano, C.},
  journal={Communications of the ACM},
  volume={52},
  number={8},
  pages={45--49},
  year={2009},
}

@InProceedings{ barth08csrf,
  author = {Adam Barth and Collin Jackson and John C. Mitchell},
  title = {Robust Defenses for Cross-Site Request Forgery}, 
  booktitle = {15th ACM Conference on Computer and Communications Security (CCS '08)},
  month = oct,
  year = 2008,
  address = "Alexandria, VA",
  url = {http://seclab.stanford.edu/websec/csrf/csrf.pdf}
}

@inproceedings{jflow,
  title={{JFlow}: Practical mostly-static information flow control},
  author={Myers, A. C.},
  booktitle={Proceedings of the 26th ACM SIGPLAN-SIGACT Symposium on Principles of Programming Languages (POPL '99)},
  pages={228--241},
  year={1999},
}

% Interesting if only because it was written by Liskov
@article{liskov-flowcontrol,
  title={A decentralized model for information flow control},
  author={Myers, A. C. and Liskov, B.},
  journal={ACM SIGOPS Operating Systems Review},
  volume={31},
  number={5},
  pages={129--142},
  year={1997},
}

@article{meyers-difc,
  title={Protecting privacy using the decentralized label model},
  author={Myers, A. C. and Liskov, B.},
  journal={ACM Transactions on Software Engineering and Methodology (TOSEM)},
  volume={9},
  number={4},
  pages={410--442},
  year={2000},
  publisher={ACM}
}

@INPROCEEDINGS{terra,
    author = "Tal Garfinkel and Ben Pfaff and Jim Chow and Mendel Rosenblum and Dan Boneh",
    title ={Terra: A Virtual Machine-Based Platform for Trusted Computing},
    booktitle = {Proceedings of the 19th {S}ymposium on {O}perating {S}ystem {P}rinciples ({SOSP '03})},
    address = "Bolton Landing, NY",                  
    month = oct,
    year = {2003},
}

% Interesting because they use a virtual machine for remtote attestations
@inproceedings{haldar2004semantic,
  title={Semantic remote attestation: A virtual machine directed approach to trusted computing},
  author={Haldar, V. and Chandra, D. and Franz, M.},
  booktitle={Proceedings of the 3rd conference on Virtual Machine Research And Technology Symposium-Volume 3},
  pages={3},
  year={2004},
  organization={USENIX Association}
}

@article{lamport-clocks,
  title={Time, clocks, and the ordering of events in a distributed system},
  author={Lamport, L.},
  journal={Communications of the ACM},
  volume={21},
  number={7},
  pages={558--565},
  year={1978},
}

% Virtualizing the TPM.  This might apply to our approach

@InProceedings{perez-vtpm,
  title={{vTPM}: virtualizing the trusted platform module},
  author={Stefan Berger and Ram\'{o}n C\'{a}ceres and Kenneth A. Goldman and Ronald Perez and Reiner Sailer and Leendert van Doorn},
  booktitle = {15th Usenix Security Symposium},
  address = {Vancouver, B.C.},
  month = aug,
  year = 2006}

@unpublished{oauth,
    title={{The OAuth 2.0 Protocol}},
    author={Hammer-Lahav, E. and Recordon, D. and Hardt, D.},
    institution={IETF Draft},
    year={2010},
    note={\url{http://tools.ietf.org/html/draft-ietf-oauth-v2-10}}
}



@InProceedings{dstar2008,
  author = 	 {Nickolai Zeldovich and Silas Boyd-Wickizer and David Mazi\`{e}res},
  title = 	 {Securing Distributed Systems with Information Flow Control},
  booktitle = {Proceedings of the 5th Symposium on Networked Systems Design and Implementation (NSDI '08)},
  year = 	 2008,
  address = 	 {San Francisco, CA},
  month = 	 apr}

@article{asbestos,
  title = {Labels and Event Processes in the {Asbestos} Operating System},
  author = {Steve VanDeBogart and Petros Efstathopoulos and Eddie Kohler and Maxwell Krohn and Cliff Frey and David Ziegler and Frans Kaashoek and Robert Morris and David Mazi\`{e}res},
  journal = {ACM Transactions on Computer Systems (TOCS)},
  volume = 25,
  number = 4,
  month = dec,
  year = 2007,
}

@techreport{gsm-sim,
    title="{Universal Subscriber Identity Module (USIM) Application Toolkit (USAT)}",
    author="{3GPP}",
    type={TS},
    year={2010},
    number={31.111},
    institution={3rd Generation Partnership Project (3GPP)},
    url={http://www.3gpp.org/ftp/Spec/html-info/31111.htm},
}


@ARTICLE{remoteclientauth,
author={Weigold, T. and Kramp, T. and Baentsch, M.},
journal={IEEE Security \& Privacy},
title={Remote Client Authentication},
year={2008},
month=jul,
volume={6},
number={4},
pages={36--43}
}

@article{pbft,
  title={{Practical Byzantine} fault tolerance and proactive recovery},
  author={Castro, M. and Liskov, B.},
  journal={ACM Transactions on Computer Systems (TOCS)},
  volume={20},
  number={4},
  pages={398--461},
  year={2002},
}

@inproceedings{ioannidis.bellovin.ea:sub-operating,
  author = {Sotiris Ioannidis and Steven M. Bellovin and Jonathan Smith},
  title = {Sub-Operating Systems: A New Approach to Application Security},
  booktitle = {SIGOPS European Workshop},
  year = 2002,
  month = sep,
  url = {http://www.cs.columbia.edu/~smb/papers/subos.pdf},
}

@inproceedings{howell2007mashupos,
  title={{MashupOS: Operating system abstractions for client mashups}},
  author={Howell, J. and Jackson, C. and Wang, H. J. and Fan, X.},
  booktitle={Proceedings of the 11th USENIX Workshop on Hot Topics in Operating Systems (HotOS '07)},
  pages={1--7},
  year={2007},
}

@inproceedings{zhang2010accurate,
  title={Accurate Online Power Estimation and Automatic Battery Behavior Based Power Model Generation for Smartphones},
  author={Zhang, L. and Tiwana, B. and Qian, Z. and Wang, Z. and Dick, R. P. and Mao, Z. M. and Yang, L.},
  booktitle = {Proc. Int. Conf. Hardware/Software Codesign and System Synthesis},
  month = oct,
  year={2010}
}

@inproceedings{vogt2007cross,
  title={Cross Site Scripting Prevention with Dynamic Data Tainting and Static Analysis},
  author={Vogt, P. and Nentwich, F. and Jovanovic, N. and Kirda, E. and Kruegel, C. and Vigna, G.},
  booktitle={Proceeding of the Network and Distributed System Security Symposium (NDSS)},
  volume={42},
  year={2007},
}

@Unpublished{case-marketplace,
  author = 	 {Justin Case},
  title = 	 {Report: {Google's Android Market} License Verification Easily Circumvented, Will Not Stop Pirates},
  organization = {Android Police},
  note = 	 {\textsf{http://www.androidpolice.com/2010/08/23/ exclusive-report-googles-android-market-license-verification-easily-circumvented-will-not-stop-pirates/}},
  month = 	 aug,
  year = 	 2010}

@Unpublished{angry-birds-sms,
  author = 	 {Artem Russakovskii},
  title = 	 {Report: Rovio Explains Why The SMS Permission Was Introduced In Angry Birds v1.5.1},
  organization = {Android Police},
  note = 	 {\textsf{http://www.androidpolice.com/2011/02/06/rovio-explains-why-the-sms-permission-was-introduced-in-angry-birds-v1-5-1/}},
  month = 	 feb,
  year = 	 2011}


@Manual{android-dev-reference-view,
  title = 	 {View: {Android} developer reference},
  organization = {Google},
  month = 	 feb,
  year = 	 2011,
  note = 	 {\url{http://developer.android.com/reference/android/view/View.html#Security}}}

                  
% WARNING: do not cite any of these as-is. Anything goofy like this must have a month, a year, and a URL

@Unpublished{automatingprivacy,
  title={Automating Privacy Testing of Smartphone Applications},
  author={Gilbert, P. and Chun, B. G. and Cox, L. P. and Jung, J.}
}

@article{resourceusage,
  title={Design and Implementation of a Fine-grained Resource Usage Model for the {Android} Platform},
  author={Nauman, M. and Khan, S.}
}

@inproceedings{paranoidAndroid,
  title={Paranoid {Android}: Zero-day protection for smartphones using the cloud},
  author={Portokalidis, G. and Homburg, P. and Anagnostakis, K. and Bos, H.},
  booktitle= {Proceedings of the 26th Annual Computer Security Applications Conference (ACSAC '10)},
  address = {Austin, TX},
  month = dec,
  year = 2010,
}

@inproceedings{conti2011crepe,
  author = {Mauro Conti and Vu Thien Nga Nguyen and Bruno Crispo},
  title = {{CRePE}: Context-Related Policy Enforcement for {Android}},
  booktitle = {Proceedings of the Thirteenth Information Security Conference (ISC '10)},
  address = {Boca Raton, FL},
  month = oct,
  year = 2010
}

@inproceedings{nauman2010apex,
  title={{Apex}: extending {Android} permission model and enforcement with user-defined runtime constraints},
  author={Nauman, M. and Khan, S. and Zhang, X.},
  booktitle={Proceedings of the 5th ACM Symposium on Information, Computer and Communications Security},
  pages={328--332},
  year={2010},
}

@inproceedings{porscha,
  title={{Porscha}: Policy Oriented Secure Content Handling in {Android}},
  author={Ongtang, M. and Butler, K. and McDaniel, P.},
  booktitle={Proceedings of the 26th Annual Computer Security Applications Conference (ACSAC '10)},
  address = "Austin, TX",
  pages={221--230},
  year={2010},
}

@InProceedings{quire11,
  author = 	 {Michael Dietz and Shashi Shekhar and Yuliy Pisetsky and Anhei Shu and Dan S. Wallach},
  title = 	 {Quire: Lightweight Provenance for Smart Phone Operating Systems},
  booktitle = {21st USENIX Security Symposium},
  year = 	 2011,
  address = 	 {San Francisco, CA},
  month = 	 aug,
  note = 	 {Preprint available at: \url{http://arxiv.org/abs/1102.2445}}}


@article{dartmouth-trusted-path05,
  author = 	 {Zishuang (Eileen) Ye and Sean Smith and Denise Anthony},
  title = 	 {Trusted Paths for Browsers},
  journal = 	 {ACM Transactions on Information System Security},
  year = 	 2005,
  volume = 	 8,
  number = 	 2,
  pages = 	 {153--186},
  month = 	 may}

@Article{hardy88,
  author =       {Norman Hardy},
  title =        {The Confused Deputy},
  journal =      {ACM Operating Systems Review},
  year =         1988,
  volume =       22,
  number =       4,
  month =        oct,
  pages =        {36--38},
}

@InProceedings{spoofing97,
  author =       {Edward W. Felten and Dirk Balfanz and Drew Dean and
                  Dan S. Wallach},
  title =        {Web Spoofing: An {Internet} Con Game},
  booktitle =    {20th National Information Systems Security Conference},
  year =         1997,
  address =      {Baltimore, Maryland},
  month =        oct}
     


@InProceedings{subvirt06,
  author = 	 {Samuel T. King and Peter M. Chen and Yi-Min Wang and Chad Verbowski and Helen J. Wang and Jacob R. Lorch},
  title = 	 {{SubVirt}: Implementing malware with virtual machines},
  booktitle = {Proceedings of the 2006 IEEE Symposium on Security and Privacy},
  year = 	 2006,
  address = 	 {Oakland, CA},
  month = 	 may}

