% This file was created with JabRef 2.7b.
% Encoding: UTF-8

@INPROCEEDINGS{BLS02,
  author = {Barreto, P. S. L. M. and Ben Lynn and Michael Scott},
  title = {Constructing Elliptic Curves with Prescribed Embedding Degrees},
  booktitle = {Security in Communication Networks},
  year = {2003},
  volume = {2576},
  series = {LNCS},
  pages = {257-267},
  publisher = {Springer}
}

@INPROCEEDINGS{BN05,
  author = {Barreto, P. S. L. M. and Naehrig, M.},
  title = {Pairing-Friendly Elliptic Curves of Prime Order},
  booktitle = {Selected Areas in Cryptography -- SAC'2005},
  year = {2006},
  volume = {3897},
  series = {LNCS},
  pages = {319-331},
  publisher = {Springer}
}

@MISC{bnpairings,
  author = {Barreto, Paulo S. L. M. and Pereira, Geovandro C. C. F.},
  title = {bnpairings},
  howpublished = {\url{https://code.google.com/p/bnpairings/}}
}

@MISC{hyperelliptic,
  author = {Daniel J. Bernstein and Tanja Lange},
  title = {Explicit-Formulas Database},
  howpublished = {\url{http://www.hyperelliptic.org/EFD/}}
}

@INPROCEEDINGS{BGP11,
  author = {Philippe Bulens and Damien Giry and Olivier Pereira},
  title = {Running Mixnet-Based Elections with Helios},
  booktitle = {Electronic Voting Technology Workshop/Workshop on Trustworthy Elections},
  year = {2011},
  editor = {H. Shacham and V. Teague},
  publisher = {Usenix},
  owner = {olivier},
  timestamp = {2012.10.08}
}

@INPROCEEDINGS{CLN11,
  author = {Craig Costello and Kristin Lauter and Michael Naehrig},
  title = {Attractive Subfamilies of BLS Curves for Implementing High-Security
	Pairings},
  booktitle = {INDOCRYPT},
  year = {2011},
  volume = {7107},
  series = {Lecture Notes in Computer Science},
  pages = {320-342},
  publisher = {Springer}
}

@MISC{CPP13,
  author = {Edouard Cuvelier and Olivier Pereira and Thomas Peters},
  title = {Election Verifiability or Ballot Privacy: Do We Need to Choose?},
  howpublished = {Cryptology ePrint Archive, Report 2013/216},
  year = {2013},
  note = {\url{http://eprint.iacr.org/}}
}

@ARTICLE{GPS08,
  author = {Galbraith, Steven D. and Paterson, Kenneth G. and Smart, Nigel P.},
  title = {Pairings for cryptographers},
  journal = {Discrete Appl. Math.},
  year = {2008},
  volume = {156},
  pages = {3113--3121},
  number = {16},
  month = sep,
  publisher = {Elsevier Science Publishers B. V.}
}

@ARTICLE{GJKR07,
  author = {Rosario Gennaro and Stanislaw Jarecki and Hugo Krawczyk and Tal Rabin},
  title = {Secure Distributed Key Generation for Discrete-Log Based Cryptosystems},
  journal = {J. Cryptology},
  year = {2007},
  volume = {20},
  pages = {51-83},
  number = {1}
}

@MISC{keylength,
  author = {Damien Giry},
  title = {Cryptographic Key Length Recommendation},
  howpublished = {\url{http://www.keylength.com/}}
}

@MISC{rfc5114,
  author = {M. Lepinski and S. Kent},
  title = {Additional Diffie-Hellman Groups for Use with IETF Standards},
  howpublished = {\url{http://tools.ietf.org/html/rfc5114}},
  month = {jan},
  year = {2008}
}

@MISC{PBC,
  author = {Ben Lynn},
  title = {The Pairing-Based Cryptography Library},
  howpublished = {\url{http://crypto.stanford.edu/pbc/}},
  owner = {olivier},
  timestamp = {2012.10.08}
}

@MISC{Naehrig,
  author = {Michael Naehrig},
  title = {Cryptography page},
  howpublished = {\url{http://cryptosith.org/crypto/}},
  owner = {olivier},
  timestamp = {2012.10.08}
}

@MISC{dss,
  author = {NIST},
  title = {FIPS-186-3 -- Digital Signature Standard (DSS)},
  howpublished = {\url{http://csrc.nist.gov/publications/drafts/fips186-3/fips_186-3.pdf}}
}

@ARTICLE{PSNB11,
  author = {Geovandro C. C. F. Pereira and Marcos A. Simpl\'icio Jr and Michael
	Naehrig and Paulo S. L. M. Barreto},
  title = {A Family of Implementation-Friendly {BN} Elliptic Curves},
  journal = {Journal of Systems and Software},
  year = {2011},
  volume = {84},
  pages = {1319--1326},
  number = {8},
  publisher = {Elsevier}
}

@INPROCEEDINGS{TW10,
  author = {Bj{\"o}rn Terelius and Douglas Wikstr{\"o}m},
  title = {Proofs of Restricted Shuffles},
  booktitle = {Progress in Cryptology - AFRICACRYPT 2010},
  year = {2010},
  editor = {D. J. Bernstein and T. Lange},
  volume = {6055},
  series = {Lecture Notes in Computer Science},
  pages = {100-113},
  publisher = {Springer},
  owner = {olivier},
  timestamp = {2012.10.08}
}

@MISC{wombat,
  author = {Wombat Voting},
  howpublished = {\url{http://www.wombat-voting.com/}},
  owner = {olivier},
  timestamp = {2012.10.08}
}

@INPROCEEDINGS{Wik09,
  author = {Douglas Wikstr{\"o}m},
  title = {A Commitment-Consistent Proof of a Shuffle},
  booktitle = {Information Security and Privacy -- ACISP},
  year = {2009},
  editor = {C. Boyd and J. M. Gonz{\'a}lez Nieto},
  volume = {5594},
  series = {Lecture Notes in Computer Science},
  pages = {407-421},
  publisher = {Springer},
  owner = {olivier},
  timestamp = {2012.10.08}
}

