@inproceedings{rescorla09,
     author = {Rescorla, E.},
     year = 2009,
     month = aug,
     title = {Understanding the Security Properties of Ballot-Based Verification Techniques},
     note = {\url{http://www.usenix.org/event/evtwote09/tech/full_papers/rescorla-ballot.pdf}
                  Retrieved March 6, 2011},
     booktitle = {Proceedings of the 2010 Electronic Voting Technology Workshop / Workshop
                 on Trustworthy Elections ({EVT/WOTE} '10)}
}

@misc{bestPractices08,
   year = 2008,
   author = {Lindeman, M. and M. Halvorson and P. Smith and L. Garland and V. Addona and D. McCrea},
   title = {Principles and Best Practices for Post-Election Audits},
   institution = {ElectionAudits.org},
   howpublished = {\url{www.electionaudits.org/files/best%20practices%20final_0.pdf}},
   note = {Retrieved April 20, 2011}
}

@article{lindemanStark12,
       author = {Mark Lindeman and Philip B.~Stark},
       title = {A Gentle Introduction to Risk-Limiting Audits},
       journal = {IEEE Security and Privacy},
       year = 2012,
       pages = {submitted},
       url = {http://statistics.berkeley.edu/~stark/Preprints/gentle11.pdf}
}

@inproceedings{hallEtal09,
  author = {J.~L. Hall and L.~W. Miratrix and P.~B. Stark and M. Briones
            and E. Ginnold and F. Oakley and M. Peaden and G. Pellerin and T. Stanionis
            and T. Webber},
  title = {Implementing risk-limiting post-election audits in {C}alifornia},
  organization = {{USENIX}},
  booktitle = {Proc.~2009 Electronic Voting Technology Workshop/Workshop on Trustworthy
                 Elections (EVT/WOTE~'09)},
  address = {Montreal, Canada},
  month = {August},
  year = 2009,
  url = {http://www.usenix.org/event/evtwote09/tech/full_papers/hall.pdf}
}

@article{miratrixStark09a,
  author = {Miratrix, L. and P.B. Stark},
  title = {The trinomial bound for post-election audits},
  journal = {IEEE Transactions on Information Forensics and Security},
  year = 2009,
  volume = {4},
  pages = {974-981}
}

@article{higginsEtal11,
  author = {Higgins, M. and R.L. Rivest and P.B. Stark},
  title = {Sharper p-values for Stratified Post-Election Audits},
  journal = {Statistics, Politics, and Policy},
  year = 2011,
  volume = 2,
  number = 1,
  article = 7,
  url = {http://www.bepress.com/spp/vol2/iss1/7}
}

@article{stark09a,
  author = {Stark, P.B.},
  title = {{CAST}: Canvass audits by sampling and testing},
  journal = {IEEE Transactions on Information Forensics and Security,
                 Special Issue on Electronic Voting},
  year = 2009,
  volume = {4},
  pages = {708-717}
}

@article{stark09b,
  author = {Stark, P.B.},
  title = {Risk-limiting post-election audits: {$P$}-values from common probability inequalities},
  journal = {IEEE Transactions on Information Forensics and Security},
  year = 2009,
  volume = {4},
  pages = {1005-1014}
}


@misc{stark09d,
       author = {Stark, P.B.},
       year = 2009,
       title = {Efficient post-election audits of multiple contests: 2009 {C}alifornia tests},
       howpublished = {http://ssrn.com/abstract=1443314},
       institution = {Social Science Research Network},
       note = {2009 Conference on Empirical Legal Studies}
}

@article{stark10c,
       author = {Stark, P.B.},
       year = 2010,
       title = {Risk-Limiting Vote-Tabulation Audits: The Importance of Cluster Size},
       journal = {Chance},
       volume = 23,
       number = 3,
       pages = {9-12}
}

@inproceedings{stark10d,
    year = 2010,
    author = {Stark, P.B.},
    title = {Super-Simple Simultaneous Single-Ballot Risk-Limiting Audits},
    booktitle = {Proceedings of the 2010 Electronic Voting Technology Workshop / Workshop
                 on Trustworthy Elections ({EVT/WOTE} '10)},
    organization = {{USENIX}},
    note  = {\url{http://www.usenix.org/events/evtwote10/tech/full_papers/Stark.pdf}.
                Retrieved April 20, 2011}
}
%    editor = {Jones, D. and J.-J. Quisquater and E.K. Rescorla},

@inproceedings{benalohEtal11,
    year = 2011,
    author = {Benaloh, J. and D. Jones and E. Lazarus and M. Lindeman and P.B. Stark},
    title = {{SOBA}: Secrecy-preserving Observable Ballot-level Audits},
    url = {http://statistics.berkeley.edu/~stark/Preprints/soba11.pdf},
    booktitle = {Proceedings of the 2011 Electronic Voting Technology Workshop / Workshop
                 on Trustworthy Elections ({EVT/WOTE} '11)},
    organization = {{USENIX}}
}

@misc{mclaughlinStark11,
    author = {McLaughlin, K. and P.B. Stark},
    year =  2011,
    title = {Workload Estimates for Risk-Limiting Audits of Large Contests},
    howpublished = {\url{http://statistics.berkeley.edu/~stark/Preprints/workload11.pdf}}
}

@misc{peaswg07,
        author = {Jefferson, D. and K.Alexander and E. Ginnold and
                        A. Lehmkuhl and K. Midstokke and P.B. Stark},
        year = 2007,
        title = {Post Election Audit Standards Report--Evaluation of Audit Sampling Models
                 and Options for Strengthening {C}alifornia's Manual Count},
        howpublished = {www.sos.ca.gov/elections/peas/final\_peaswg\_report.pdf}
}

@article{stark08a,
	author = {Stark, P.B.},
	title = {Conservative Statistical Post-Election Audits},
	year = 2008,
	volume = {2},
	 pages = {550-581},
	journal = {Ann. Appl. Stat.},
	URL = {http://arxiv.org/abs/0807.4005}
}


@article{stark08d,
    author = {Stark, P.B.},
    title = {A sharper discrepancy measure for post-election audits},
    year = 2008,
    volume = {2},
    pages = {982-985},
    URL = {http://arxiv.org/abs/0811.1697},
    journal = {Ann. Appl. Stat.}
}

@article{ashEtal09,
     author = {Ash, A. and S. Pierson and P.B. Stark},
     year = 2009,
     title = {Thinking outside the urn:  {S}tatisticians make their marks on {U.S.} Ballots},
     journal = {Amstat News},
     volume = 384,
     pages = {37--40},
     note = {\url{http://www.amstat.org/outreach/pdfs/SP_ANJun09.pdf}}
}

@article{starkWagner12,
       author = {Philip B.~Stark and David A.~Wagner},
       title = {Evidence-Based Elections},
       journal = {IEEE Security and Privacy},
       year = 2012,
       pages = {to appear},
       url = {http://statistics.berkeley.edu/~stark/Preprints/evidenceVote12.pdf}
}
