% This file was created with JabRef 2.7b.
% Encoding: ISO8859_1

@INPROCEEDINGS{Ben06,
  author = {Benaloh, Josh},
  title = {Simple verifiable elections},
  booktitle = {Proceedings of the USENIX/Accurate Electronic Voting Technology Workshop
	2006 on Electronic Voting Technology Workshop},
  year = {2006},
  address = {Berkeley, CA, USA},
  publisher = {USENIX Association},
  location = {Vancouver, B.C., Canada}
}

@INPROCEEDINGS{SDW08,
  author = {Daniel Sandler and Kyle Derr and Dan S. Wallach},
  title = {VoteBox: A Tamper-evident, Verifiable Electronic Voting System},
  booktitle = {USENIX Security Symposium},
  year = {2008},
  pages = {349-364},
  publisher = {USENIX Association}
}

