% This file was created with JabRef 2.5.
% Encoding: ISO8859_1

@ARTICLE{Adam1989,
  author = {Nabil R. Adam and John C. Worthman},
  title = {Security-control methods for statistical databases: a comparative
	study},
  journal = {ACM Computing Surveys},
  year = {1989},
  volume = {21},
  pages = {515--556},
  number = {4},
  month = dec,
  date-added = {2010-01-13 16:12:05 -0800},
  date-modified = {2010-01-13 16:12:05 -0800}
}

@TECHREPORT{And1980,
  author = {J. P. Anderson},
  title = {Computer Security Threat Monitoring and Surveillance},
  institution = {James P. Anderson Company},
  year = {1980},
  address = {Fort Washington, Pennsylvania},
  month = apr,
}

@ARTICLE{Arbaugh:2004aa,
  author = {William A. Arbaugh},
  title = {The Real Risk of Digital Voting?},
  journal = {IEEE Computer},
  year = {2004},
  volume = {37},
  pages = {124--125},
  number = {12},
  month = dec,
  abstract = {Many computer scientists have expressed their concern with the security
	of digital voting machines, especially their lack of a voter-verifiable
	audit trail. These risks pose real threats that we must resolve.
	To understand what system checks and balances are possible, we need
	to examine the entire voting process, not just the technology---even
	though, let's face it, the technology is woefully flawed at this
	point. An election has essentially three phases: registration, voting,
	and tallying. The risks of human manipulation of the system are highest
	in the first two phases, and the risks of digital manipulation are
	highest in the last two. },
  bdsk-url-1 = {http://dx.doi.org/10.1109/MC.2004.259},
  date-added = {2010-01-14 09:23:28 -0800},
  date-modified = {2010-01-14 09:24:28 -0800},
  doi = {10.1109/MC.2004.259},
  issn = {0018-9162}
}

@INPROCEEDINGS{Barak2001,
  author = {Boaz Barak and Oded Goldreich and Russell Impagliazzo and Steven
	Rudich and Amit Sahai and Salil {Vadhan Ke Yang}},
  title = {On the (Im)possibility of Obfuscating Programs},
  booktitle = {Proceedings of the 21st Annual International Cryptology Conference
	on Advances in Cryptology (Crypto)},
  year = {2001},
  volume = {2139},
  series = {Lecture Notes in Computer Science},
  pages = {1--18},
  address = {Santa Barbara, CA},
  month = aug,
  date-added = {2010-01-13 16:11:52 -0800},
  date-modified = {2010-01-13 16:11:52 -0800}
}

@ARTICLE{Bishop2007-Voting,
  author = {Eric Barr and Matt Bishop and Mark Gondree},
  title = {Fixing the 2006 Federal Voting Standards},
  journal = {Communications of the ACM (CACM)},
  year = {2007},
  volume = {50},
  number = {3},
  month = mar,
  bdsk-file-1 = {YnBsaXN0MDDUAQIDBAUIJidUJHRvcFgkb2JqZWN0c1gkdmVyc2lvblkkYXJjaGl2ZXLRBgdUcm9vdIABqAkKFRYXGyIjVSRudWxs0wsMDQ4RFFpOUy5vYmplY3RzV05TLmtleXNWJGNsYXNzog8QgASABqISE4ACgAOAB1lhbGlhc0RhdGFccmVsYXRpdmVQYXRo0hgNGRpXTlMuZGF0YU8RAiYAAAAAAiYAAgAABk1hcmxpbgAAAAAAAAAAAAAAAAAAAAAAAAAAAMY6a5RIKwAAAARJAR9CYXJyQmlzaG9wLTIwMDctRml4aW4jNDRBMjkucGRmAAAAAAAAAAAAAAAAAAAAAAAAAAAAAAAAAAAAAAAAAAAABEopwiBJqwAAAAAAAAAAAAUAAgAACSAAAAAAAAAAAAAAAAAAAAAGUGFwZXJzABAACAAAxjrOBAAAABEACAAAwiCsGwAAAAEAFAAESQEAAs0iAAJ0rwAAWmoAAFdfAAIAS01hcmxpbjpVc2VyczpzZWFuOkRvY3VtZW50czpTZWN1cml0eTpQYXBlcnM6QmFyckJpc2hvcC0yMDA3LUZpeGluIzQ0QTI5LnBkZgAADgB6ADwAQgBhAHIAcgBCAGkAcwBoAG8AcAAtADIAMAAwADcALQBGAGkAeABpAG4AZwAgAHQAaABlACAAMgAwADAANgAgAEYAZQBkAGUAcgBhAGwAIABWAG8AdABpAG4AZwAgAFMAdABhAG4AZABhAHIAZABzAC4AcABkAGYADwAOAAYATQBhAHIAbABpAG4AEgBhVXNlcnMvc2Vhbi9Eb2N1bWVudHMvU2VjdXJpdHkvUGFwZXJzL0JhcnJCaXNob3AtMjAwNy1GaXhpbmcgdGhlIDIwMDYgRmVkZXJhbCBWb3RpbmcgU3RhbmRhcmRzLnBkZgAAEwABLwAAFQACAAv//wAAgAXSHB0eH1gkY2xhc3Nlc1okY2xhc3NuYW1lox8gIV1OU011dGFibGVEYXRhVk5TRGF0YVhOU09iamVjdF8QUi4uLy4uLy4uLy4uLy4uL1BhcGVycy9CYXJyQmlzaG9wLTIwMDctRml4aW5nIHRoZSAyMDA2IEZlZGVyYWwgVm90aW5nIFN0YW5kYXJkcy5wZGbSHB0kJaIlIVxOU0RpY3Rpb25hcnkSAAGGoF8QD05TS2V5ZWRBcmNoaXZlcgAIABEAFgAfACgAMgA1ADoAPABFAEsAUgBdAGUAbABvAHEAcwB2AHgAegB8AIYAkwCYAKACygLMAtEC2gLlAukC9wL+AwcDXANhA2QDcQN2AAAAAAAAAgEAAAAAAAAAKAAAAAAAAAAAAAAAAAAAA4g=},
  date-added = {2010-01-14 08:39:14 -0800},
  date-modified = {2010-01-14 08:39:14 -0800}
}

@INPROCEEDINGS{Bhumiratana:2009aa,
  author = {B. Bhumiratana and M. Bishop},
  title = {Privacy Aware Data Sharing: Balancing the Usability and Privacy of
	Datasets},
  booktitle = {Proceedings of the 2nd ACM International Conference on Pervasive
	Technologies Related to Assistive Environments},
  year = {2009},
  month = jun,
  date-added = {2010-01-14 19:28:33 -0800},
  date-modified = {2010-01-14 19:28:33 -0800}
}

@MANUAL{California2007,
  title = {UC Red Team Report of California Secretary of State Top-to-Bottom
	Voting Systems Review},
  author = {Matt Bishop},
  month = jul,
  year = {2007},
  annote = {Matt {Bishop \emph{et al.}}},
  date-added = {2010-01-14 08:33:50 -0800},
  date-modified = {2010-01-14 08:33:50 -0800}
}

@INPROCEEDINGS{Bishop:2006aa,
  author = {M. Bishop and R. Crawford and B. Bhumiratana and L. Clark and K.
	Levitt},
  title = {Some Problems in Sanitizing Network Data},
  booktitle = {Proceedings of the 15th IEEE International Workshops on Enabling
	Technologies: Infrastructure for Collaborative Enterprise},
  year = {2006},
  pages = {307--312},
  month = jun,
  date-added = {2010-01-14 19:28:37 -0800},
  date-modified = {2010-01-14 19:28:37 -0800}
}

@INCOLLECTION{InsiderChapter2010,
  author = {Matt Bishop and Sophie Engle and Deborah A. Frincke and Carrie Gates
	and Frank L. Greitzer and Sean Peisert and Sean Whalen},
  title = {A Risk Management Approach to the `Insider Threat'},
  booktitle = {Insider Threats in Cybersecurity---And Beyond (to appear)},
  publisher = {Springer Verlag},
  year = {2010},
  address = {Berlin},
  date-added = {2010-01-13 19:17:03 -0800},
  date-modified = {2010-02-01 07:50:30 -0800}
}

@INPROCEEDINGS{InsiderHICSS2008,
  author = {Matt Bishop and Sophie Engle and Carrie Gates and Sean Peisert and
	Sean Whalen},
  title = {Case Studies of an Insider Framework},
  booktitle = {Proceedings of the 42nd Hawaii International Conference on System
	Sciences (HICSS), Cyber Security and Information Intelligence Research
	Minitrack},
  year = {2009},
  address = {Waikoloa, HI},
  month = jan,
  date-added = {2010-01-13 19:15:08 -0800},
  date-modified = {2010-01-13 19:15:08 -0800}
}

@INPROCEEDINGS{InsiderNSPW2008,
  author = {Matt Bishop and Sophie Engle and Carrie Gates and Sean Peisert and
	Sean Whalen},
  title = {We Have Met the Enemy and He is Us},
  booktitle = {Proceedings of the 2008 New Security Paradigms Workshop (NSPW)},
  year = {2008},
  address = {Lake Tahoe, CA},
  month = sep,
  date-added = {2010-01-13 16:05:52 -0800},
  date-modified = {2010-01-13 16:05:52 -0800}
}

@MISC{EE2008,
  author = {Matt Bishop and Mark Graff and Candice Hoke and David Jefferson and
	Sean Peisert},
  title = {{Resolving the Unexpected in Elections: Election Officials' Options}},
  howpublished = {Distributed by the Center For Election Excellence and the American
	Bar Association},
  month = oct,
  year = {2008},
  bdsk-url-1 = {%20(%5Curl%7Bhttp://www.electionexcellence.org/documents/electionofficialtechguide-2008-10-08.pdf%7D)},
  bdsk-url-2 = {(%5Curl%7Bhttp://www.electionexcellence.org/documents/electionofficialtechguide-2008-10-08.pdf%7D)},
  date-added = {2010-01-13 15:59:43 -0800},
  date-modified = {2010-01-13 15:59:43 -0800}
}

@INPROCEEDINGS{Peisert2009-EVT,
  author = {Matt Bishop and Sean Peisert and Candice Hoke and Mark Graff and
	David Jefferson},
  title = {E-Voting and Forensics: Prying Open the Black Box},
  booktitle = {Proceedings of the 2009 Electronic Voting Technology Workshop/Workshop
	on Trustworthy Computing (EVT/WOTE '09)},
  year = {2009},
  address = {Montreal, Canada},
  month = aug,
  date-added = {2010-01-13 15:59:52 -0800},
  date-modified = {2010-01-13 15:59:52 -0800}
}

@INPROCEEDINGS{Bonyun1980,
  author = {David Bonyun},
  title = {The Role of a Well-Defined Auditing Process in the Enforcement of
	Privacy and Data Security},
  booktitle = {Proceedings of the 1980 IEEE Symposium on Security and Privacy},
  year = {1980},
  bdsk-file-1 = {YnBsaXN0MDDUAQIDBAUIJidUJHRvcFgkb2JqZWN0c1gkdmVyc2lvblkkYXJjaGl2ZXLRBgdUcm9vdIABqAkKFRYXGyIjVSRudWxs0wsMDQ4RFFpOUy5vYmplY3RzV05TLmtleXNWJGNsYXNzog8QgASABqISE4ACgAOAB1lhbGlhc0RhdGFccmVsYXRpdmVQYXRo0hgNGRpXTlMuZGF0YU8RArIAAAAAArIAAgAABk1hcmxpbgAAAAAAAAAAAAAAAAAAAAAAAAAAAMY6a5RIKwAAAARJAR9Cb255dW4tMTk4MC1UaGUgUm9sZSAjNDRBMjAucGRmAAAAAAAAAAAAAAAAAAAAAAAAAAAAAAAAAAAAAAAAAAAABEogwV5RHVBERiBDQVJPAAUAAgAACSAAAAAAAAAAAAAAAAAAAAAGUGFwZXJzABAACAAAxjrOBAAAABEACAAAwV6zjQAAAAEAFAAESQEAAs0iAAJ0rwAAWmoAAFdfAAIAS01hcmxpbjpVc2VyczpzZWFuOkRvY3VtZW50czpTZWN1cml0eTpQYXBlcnM6Qm9ueXVuLTE5ODAtVGhlIFJvbGUgIzQ0QTIwLnBkZgAADgDYAGsAQgBvAG4AeQB1AG4ALQAxADkAOAAwAC0AVABoAGUAIABSAG8AbABlACAAbwBmACAAYQAgAFcAZQBsAGwALQBEAGUAZgBpAG4AZQBkACAAQQB1AGQAaQB0AGkAbgBnACAAUAByAG8AYwBlAHMAcwAgAGkAbgAgAHQAaABlACAARQBuAGYAbwByAGMAZQBtAGUAbgB0ACAAbwBmACAAUAByAGkAdgBhAGMAeQAgAGEAbgBkACAARABhAHQAYQAgAFMAZQBjAHUAcgBpAHQAeQAuAHAAZABmAA8ADgAGAE0AYQByAGwAaQBuABIAkFVzZXJzL3NlYW4vRG9jdW1lbnRzL1NlY3VyaXR5L1BhcGVycy9Cb255dW4tMTk4MC1UaGUgUm9sZSBvZiBhIFdlbGwtRGVmaW5lZCBBdWRpdGluZyBQcm9jZXNzIGluIHRoZSBFbmZvcmNlbWVudCBvZiBQcml2YWN5IGFuZCBEYXRhIFNlY3VyaXR5LnBkZgATAAEvAAAVAAIAC///AACABdIcHR4fWCRjbGFzc2VzWiRjbGFzc25hbWWjHyAhXU5TTXV0YWJsZURhdGFWTlNEYXRhWE5TT2JqZWN0XxCBLi4vLi4vLi4vLi4vLi4vUGFwZXJzL0Jvbnl1bi0xOTgwLVRoZSBSb2xlIG9mIGEgV2VsbC1EZWZpbmVkIEF1ZGl0aW5nIFByb2Nlc3MgaW4gdGhlIEVuZm9yY2VtZW50IG9mIFByaXZhY3kgYW5kIERhdGEgU2VjdXJpdHkucGRm0hwdJCWiJSFcTlNEaWN0aW9uYXJ5EgABhqBfEA9OU0tleWVkQXJjaGl2ZXIACAARABYAHwAoADIANQA6ADwARQBLAFIAXQBlAGwAbwBxAHMAdgB4AHoAfACGAJMAmACgA1YDWANdA2YDcQN1A4MDigOTBBcEHAQfBCwEMQAAAAAAAAIBAAAAAAAAACgAAAAAAAAAAAAAAAAAAARD},
  date-added = {2010-01-14 08:33:33 -0800},
  date-modified = {2010-01-14 08:33:33 -0800},
  keywords = {forensic}
}

@MISC{Bowen:2009aa,
  author = {Debra Bowen},
  title = {{Concerning Errors and Deficiencies in {D}iebold/{P}remier {GEMS}
	Version 1.18.19}},
  howpublished = {Letter to the Election Assistance Commission},
  month = mar,
  year = {2009},
  bdsk-url-1 = {http://www.sos.ca.gov/elections/voting_systems/sos-humboldt-report-to-eac-03-02-09.pdf},
  date-added = {2010-01-14 09:15:04 -0800},
  date-modified = {2010-01-14 09:17:29 -0800},
  note = {\url{http://www.sos.ca.gov/elections/voting_systems/sos-humboldt-report-to-eac-03-02-09.pdf}}
}

@MISC{OhioCode2008,
  author = {Jennifer {Brunner, Ohio Secretary of State}},
  title = {{Ohio Rev. Code Ann. Section 3501.11(J)}},
  note = {\url{http://www.sos.state.oh.us/SOS/elections/Directives/2008%20Directives/2008-96.aspx}},
  month = oct,
  year = {2008},
  annote = {(Under Ohio Revised Code section 3501.11(J), boards of elections
	must, ``Investigate irregularities, nonperformance of duties, or
	violations of Title XXXV of the Revised Code by election officers
	and other persons; and report the facts to the prosecuting attorney
	or the Secretary of State.'' )},
  date-added = {2010-01-14 08:41:48 -0800},
  date-modified = {2010-01-14 08:43:31 -0800}
}

@INPROCEEDINGS{Cordero:2008aa,
  author = {Arel Cordero and David Wagner},
  title = {Replayable Voting Machine Audit Logs},
  booktitle = {Proceedings of the 2008 Electronic Voting Technology Workshop/Workshop
	on Trustworthy Computing (EVT/WOTE '09)},
  year = {2008},
  month = jul,
  date-added = {2010-01-14 19:28:27 -0800},
  date-modified = {2010-01-14 19:28:27 -0800}
}

@INPROCEEDINGS{Crawford:2006aa,
  author = {R. Crawford and M. Bishop and B. Bhumiratana and L. Clark and K.
	Levitt},
  title = {Sanitization Models and their Limitations},
  booktitle = {Proceedings of the New Security Paradigms Workshop},
  year = {2006},
  pages = {41--56},
  month = sep,
  date-added = {2010-01-14 19:28:46 -0800},
  date-modified = {2010-01-14 19:28:46 -0800}
}

@INPROCEEDINGS{Cuppens:2002aa,
  author = {Fr\'{e}d\'{e}eic Cuppens and Alexandre Mi\`{e}ge},
  title = {Alert Correlation in a Cooperative Intrusion Detection Framework},
  booktitle = {Proceedings of the 2002 IEEE Symposium on Security and Privacy},
  year = {2002},
  pages = {202--215},
  date-added = {2010-01-15 11:20:13 -0800},
  date-modified = {2010-01-15 11:23:27 -0800}
}

@ARTICLE{Daniels1999,
  author = {Daniels, Thomas E. and Spafford, Eugene H.},
  title = {Identification of host audit data to detect attacks on low-level
	{IP} vulnerabilities},
  journal = {J. Computer Security},
  year = {1999},
  volume = {7},
  pages = {3--35},
  number = {1},
  address = {Amsterdam, The Netherlands, The Netherlands},
  date-added = {2010-01-14 08:24:42 -0800},
  date-modified = {2010-01-14 08:24:42 -0800},
  issn = {0926-227X},
  publisher = {IOS Press}
}

@INPROCEEDINGS{Debar:2001aa,
  author = {Herv\'{e} Debar and Andreas Wespi},
  title = {The Intrusion-Detection Console Correlation Mechanism},
  booktitle = {Proceedings of the 2001 Workshop on Recent Advances in Intrusion
	Detection},
  year = {2001},
  month = oct,
  date-added = {2010-01-15 11:24:28 -0800},
  date-modified = {2010-01-15 11:25:37 -0800}
}

@ARTICLE{Denn1980-2,
  author = {Dorothy E. Denning},
  title = {Secure Statistical Databases with Random Sample Queries},
  journal = {ACM Transactions on Database Systems},
  year = {1980},
  volume = {5},
  pages = {291--315},
  number = {3},
  month = sep,
  bdsk-file-1 = {YnBsaXN0MDDUAQIDBAUIJidUJHRvcFgkb2JqZWN0c1gkdmVyc2lvblkkYXJjaGl2ZXLRBgdUcm9vdIABqAkKFRYXGyIjVSRudWxs0wsMDQ4RFFpOUy5vYmplY3RzV05TLmtleXNWJGNsYXNzog8QgASABqISE4ACgAOAB1lhbGlhc0RhdGFccmVsYXRpdmVQYXRo0hgNGRpXTlMuZGF0YU8RAkoAAAAAAkoAAgAABk1hcmxpbgAAAAAAAAAAAAAAAAAAAAAAAAAAAMY6a5RIKwAAAARJAR9EZW5uaW5nLTE5ODAtU2FtcGxlIFMjNDQ5MTYucGRmAAAAAAAAAAAAAAAAAAAAAAAAAAAAAAAAAAAAAAAAAAAABEkWtz0kXwAAAAAAAAAAAAUAAgAACSAAAAAAAAAAAAAAAAAAAAAGUGFwZXJzABAACAAAxjrOBAAAABEACAAAtz2GzwAAAAEAFAAESQEAAs0iAAJ0rwAAWmoAAFdfAAIAS01hcmxpbjpVc2VyczpzZWFuOkRvY3VtZW50czpTZWN1cml0eTpQYXBlcnM6RGVubmluZy0xOTgwLVNhbXBsZSBTIzQ0OTE2LnBkZgAADgCSAEgARABlAG4AbgBpAG4AZwAtADEAOQA4ADAALQBTAGEAbQBwAGwAZQAgAFMAdABhAHQAaQBzAHQAaQBjAGEAbAAgAEQAYQB0AGEAYgBhAHMAZQBzACAAdwBpAHQAaAAgAFIAYQBuAGQAbwBtACAAUwBhAG0AcABsAGUAIABRAHUAZQByAGkAZQBzAC4AcABkAGYADwAOAAYATQBhAHIAbABpAG4AEgBtVXNlcnMvc2Vhbi9Eb2N1bWVudHMvU2VjdXJpdHkvUGFwZXJzL0Rlbm5pbmctMTk4MC1TYW1wbGUgU3RhdGlzdGljYWwgRGF0YWJhc2VzIHdpdGggUmFuZG9tIFNhbXBsZSBRdWVyaWVzLnBkZgAAEwABLwAAFQACAAv//wAAgAXSHB0eH1gkY2xhc3Nlc1okY2xhc3NuYW1lox8gIV1OU011dGFibGVEYXRhVk5TRGF0YVhOU09iamVjdF8QXi4uLy4uLy4uLy4uLy4uL1BhcGVycy9EZW5uaW5nLTE5ODAtU2FtcGxlIFN0YXRpc3RpY2FsIERhdGFiYXNlcyB3aXRoIFJhbmRvbSBTYW1wbGUgUXVlcmllcy5wZGbSHB0kJaIlIVxOU0RpY3Rpb25hcnkSAAGGoF8QD05TS2V5ZWRBcmNoaXZlcgAIABEAFgAfACgAMgA1ADoAPABFAEsAUgBdAGUAbABvAHEAcwB2AHgAegB8AIYAkwCYAKAC7gLwAvUC/gMJAw0DGwMiAysDjAORA5QDoQOmAAAAAAAAAgEAAAAAAAAAKAAAAAAAAAAAAAAAAAAAA7g=},
  date-added = {2010-01-13 16:12:12 -0800},
  date-modified = {2010-01-13 16:12:12 -0800}
}

@UNPUBLISHED{Gligor:1985aa,
  author = {Virgil Gligor},
  title = {Guidelines for Trusted Facility Management and Audit},
  note = {cited in \cite{DoDAudit:1988aa}},
  year = {1985},
  date-added = {2010-01-14 19:22:04 -0800},
  date-modified = {2010-01-14 19:26:01 -0800}
}

@ARTICLE{Graves2004,
  author = {F. Graves and C. Graves},
  title = {Ensuring the Admissibility of Electronic Forensic Evidence and Enhancing
	Its Probative Value at Trial},
  journal = {Criminal Justice},
  year = {2004},
  volume = {19},
  number = {1},
  month = {Spring},
  bdsk-url-1 = {http://www.abanet.org/crimjust/cjmag/19-1/electronic.html},
  date-added = {2010-01-14 08:41:42 -0800},
  date-modified = {2010-01-14 08:41:42 -0800}
}

@ARTICLE{HKMY1986,
  author = {{J. Thomas} Haigh and Richard Kemmerer and John McHugh and William
	D. Young},
  title = {An Experience Using Two Covert Channel Analysis Techniques on a Real
	System Design},
  journal = {IEEE Transactions on Software Engineering},
  year = {1987},
  volume = {13},
  pages = {157--168},
  number = {2},
  month = feb,
  date-added = {2010-01-13 16:09:38 -0800},
  date-modified = {2010-01-13 16:09:38 -0800}
}

@ARTICLE{Johnson2001,
  author = {Neil F. Johnson and Zoran Duric and Sushil Jajodia},
  title = {Information Hiding: Steganography and Watermarking---Attacks and
	Countermeasures},
  journal = {Journal of Electronic Imaging},
  year = {2001},
  volume = {10},
  pages = {825--826},
  number = {3},
  month = jul,
  date-added = {2010-01-13 16:12:00 -0800},
  date-modified = {2010-01-13 16:12:00 -0800}
}

@ARTICLE{Kemmerer1983,
  author = {Richard A. Kemmerer},
  title = {Shared Resource Matrix Methodology: An Approach to Identifying Storage
	and Timing Channels},
  journal = {ACM Transactions on Computer Systems},
  year = {1983},
  volume = {1},
  pages = {256--277},
  number = {3},
  month = aug,
  bdsk-file-1 = {YnBsaXN0MDDUAQIDBAUIJidUJHRvcFgkb2JqZWN0c1gkdmVyc2lvblkkYXJjaGl2ZXLRBgdUcm9vdIABqAkKFRYXGyIjVSRudWxs0wsMDQ4RFFpOUy5vYmplY3RzV05TLmtleXNWJGNsYXNzog8QgASABqISE4ACgAOAB1lhbGlhc0RhdGFccmVsYXRpdmVQYXRo0hgNGRpXTlMuZGF0YU8RArIAAAAAArIAAgAABk1hcmxpbgAAAAAAAAAAAAAAAAAAAAAAAAAAAMY6a5RIKwAAAARJAR9LZW1tZXJlci0xOTgzLVNoYXJlZCAjNDQ5RTUucGRmAAAAAAAAAAAAAAAAAAAAAAAAAAAAAAAAAAAAAAAAAAAABEnlv2xy6lBERiAAAAAAAAUAAgAACSAAAAAAAAAAAAAAAAAAAAAGUGFwZXJzABAACAAAxjrOBAAAABEACAAAv2zVWgAAAAEAFAAESQEAAs0iAAJ0rwAAWmoAAFdfAAIAS01hcmxpbjpVc2VyczpzZWFuOkRvY3VtZW50czpTZWN1cml0eTpQYXBlcnM6S2VtbWVyZXItMTk4My1TaGFyZWQgIzQ0OUU1LnBkZgAADgDYAGsASwBlAG0AbQBlAHIAZQByAC0AMQA5ADgAMwAtAFMAaABhAHIAZQBkACAAUgBlAHMAbwB1AHIAYwBlACAATQBhAHQAcgBpAHgAIABNAGUAdABoAG8AZABvAGwAbwBnAHkAIABBAG4AIABBAHAAcAByAG8AYQBjAGgAIAB0AG8AIABJAGQAZQBuAHQAaQBmAHkAaQBuAGcAIABTAHQAbwByAGEAZwBlACAAYQBuAGQAIABUAGkAbQBpAG4AZwAgAEMAaABhAG4AbgBlAGwAcwAuAHAAZABmAA8ADgAGAE0AYQByAGwAaQBuABIAkFVzZXJzL3NlYW4vRG9jdW1lbnRzL1NlY3VyaXR5L1BhcGVycy9LZW1tZXJlci0xOTgzLVNoYXJlZCBSZXNvdXJjZSBNYXRyaXggTWV0aG9kb2xvZ3kgQW4gQXBwcm9hY2ggdG8gSWRlbnRpZnlpbmcgU3RvcmFnZSBhbmQgVGltaW5nIENoYW5uZWxzLnBkZgATAAEvAAAVAAIAC///AACABdIcHR4fWCRjbGFzc2VzWiRjbGFzc25hbWWjHyAhXU5TTXV0YWJsZURhdGFWTlNEYXRhWE5TT2JqZWN0XxCBLi4vLi4vLi4vLi4vLi4vUGFwZXJzL0tlbW1lcmVyLTE5ODMtU2hhcmVkIFJlc291cmNlIE1hdHJpeCBNZXRob2RvbG9neSBBbiBBcHByb2FjaCB0byBJZGVudGlmeWluZyBTdG9yYWdlIGFuZCBUaW1pbmcgQ2hhbm5lbHMucGRm0hwdJCWiJSFcTlNEaWN0aW9uYXJ5EgABhqBfEA9OU0tleWVkQXJjaGl2ZXIACAARABYAHwAoADIANQA6ADwARQBLAFIAXQBlAGwAbwBxAHMAdgB4AHoAfACGAJMAmACgA1YDWANdA2YDcQN1A4MDigOTBBcEHAQfBCwEMQAAAAAAAAIBAAAAAAAAACgAAAAAAAAAAAAAAAAAAARD},
  date-added = {2010-01-13 16:09:45 -0800},
  date-modified = {2010-01-13 16:09:45 -0800}
}

@INPROCEEDINGS{Narayanan2008,
  author = {Arvind Narayanan and Vitaly Shmatikov},
  title = {Robust De-anonymization of Large Sparse Datasets},
  booktitle = {Proceedings of the 29th IEEE Symposium on Security and Privacy},
  year = {2008},
  pages = {111--125},
  address = {Oakland, CA},
  month = may,
  date-added = {2010-01-13 16:05:59 -0800},
  date-modified = {2010-01-13 16:05:59 -0800}
}

@BOOK{NASForensics2009,
  title = {Strengthening Forensic Science in the United States: A Path Forward},
  publisher = {National Academies Press},
  year = {2009},
  author = {{National Research Council of the National Academies}},
  date-added = {2010-01-14 08:41:30 -0800},
  date-modified = {2010-01-14 08:41:30 -0800}
}

@ARTICLE{Ning:2004aa,
  author = {P. Ning and Y. Cui and D. S. Reeves and D. Xu},
  title = {Techniques and Tools for Analyzing Intrusion Alerts},
  journal = {ACM Transactions on Information and System Security (TISSEC)},
  year = {2004},
  volume = {7},
  pages = {274--318},
  number = {2},
  month = may,
  date-added = {2010-01-15 14:03:27 -0800},
  date-modified = {2010-01-15 14:04:40 -0800}
}

@ARTICLE{Peisert2007-FCalls,
  author = {Sean Peisert and Matt Bishop and Sidney Karin and Keith Marzullo},
  title = {Analysis of Computer Intrusions Using Sequences of Function Calls},
  journal = {IEEE Transactions on Dependable and Secure Computing (TDSC)},
  year = {2007},
  volume = {4},
  pages = {137--150},
  number = {2},
  month = {April/June},
  date-added = {2010-01-13 15:59:07 -0800},
  date-modified = {2010-01-13 15:59:07 -0800}
}

@INPROCEEDINGS{Peisert2007-SADFE,
  author = {Sean Peisert and Matt Bishop and Sidney Karin and Keith Marzullo},
  title = {Toward Models for Forensic Analysis},
  booktitle = {Proceedings of the Second International Workshop on Systematic Approaches
	to Digital Forensic Engineering (SADFE)},
  year = {2007},
  pages = {3--15},
  address = {Seattle, WA},
  month = apr,
  date-added = {2010-01-13 19:09:38 -0800},
  date-modified = {2010-01-13 19:09:38 -0800},
  keywords = {forensic}
}

@INPROCEEDINGS{Peisert2005,
  author = {Sean Peisert and Matt Bishop and Sidney Karin and Keith Marzullo},
  title = {Principles-Driven Forensic Analysis},
  booktitle = {Proceedings of the 2005 New Security Paradigms Workshop (NSPW)},
  year = {2005},
  pages = {85--93},
  address = {Lake Arrowhead, CA},
  month = oct,
  date-added = {2010-01-13 15:59:03 -0800},
  date-modified = {2010-01-13 15:59:03 -0800},
  keywords = {forensic}
}

@INPROCEEDINGS{Peisert2008-SADFE,
  author = {Sean Peisert and Matt Bishop and Keith Marzullo},
  title = {Computer Forensics \emph{In Forensis}},
  booktitle = {Proceedings of the Third International IEEE Workshop on Systematic
	Approaches to Digital Forensic Engineering (IEEE-SADFE)},
  year = {2008},
  pages = {102--122},
  address = {Oakland, CA},
  month = may,
  date-added = {2010-01-13 16:01:50 -0800},
  date-modified = {2010-01-13 16:01:50 -0800},
  keywords = {forensic}
}

@INPROCEEDINGS{Peisert2008-HICSS,
  author = {Sean Peisert and Matt Bishop and Alec Yasinsac},
  title = {Vote Selling, Voter Anonymity, and Forensic Logging of Electronic
	Voting Machines},
  booktitle = {Proceedings of the 42nd Hawaii International Conference on System
	Sciences (HICSS), Digital Forensics -- Pedagogy and Foundational
	Research Activity Minitrack},
  year = {2009},
  address = {Waikoloa, HI},
  month = jan,
  date-added = {2010-01-13 16:00:41 -0800},
  date-modified = {2010-01-13 16:00:41 -0800}
}

@PHDTHESIS{Peisert-Dissertation,
  author = {Sean Philip Peisert},
  title = {A Model of Forensic Analysis Using Goal-Oriented Logging},
  school = {Department of Computer Science and Engineering, University of California,
	San Diego},
  year = {2007},
  month = mar,
  date-added = {2010-01-13 15:59:10 -0800},
  date-modified = {2010-01-13 15:59:10 -0800},
  keywords = {forensic}
}

@INPROCEEDINGS{Porras1991,
  author = {Phillip A. Porras and Richard A. Kemmerer},
  title = {Covert Flow Trees: A Technique for Identifying and Analyzing Covert
	Storage Channels},
  booktitle = {Proceedings of the 1991 Symposium on Security and Privacy},
  year = {1991},
  bdsk-file-1 = {YnBsaXN0MDDUAQIDBAUIJidUJHRvcFgkb2JqZWN0c1gkdmVyc2lvblkkYXJjaGl2ZXLRBgdUcm9vdIABqAkKFRYXGyIjVSRudWxs0wsMDQ4RFFpOUy5vYmplY3RzV05TLmtleXNWJGNsYXNzog8QgASABqISE4ACgAOAB1lhbGlhc0RhdGFccmVsYXRpdmVQYXRo0hgNGRpXTlMuZGF0YU8RArIAAAAAArIAAgAABk1hcmxpbgAAAAAAAAAAAAAAAAAAAAAAAAAAAMY6a5RIKwAAAARJAR9Qb3JyYXNLZW1tZXJlci0xOTkxLUMjNDQ5RTYucGRmAAAAAAAAAAAAAAAAAAAAAAAAAAAAAAAAAAAAAAAAAAAABEnmv2xzC1BERiAAAAAAAAUAAgAACSAAAAAAAAAAAAAAAAAAAAAGUGFwZXJzABAACAAAxjrOBAAAABEACAAAv2zVewAAAAEAFAAESQEAAs0iAAJ0rwAAWmoAAFdfAAIAS01hcmxpbjpVc2VyczpzZWFuOkRvY3VtZW50czpTZWN1cml0eTpQYXBlcnM6UG9ycmFzS2VtbWVyZXItMTk5MS1DIzQ0OUU2LnBkZgAADgDYAGsAUABvAHIAcgBhAHMASwBlAG0AbQBlAHIAZQByAC0AMQA5ADkAMQAtAEMAbwB2AGUAcgB0ACAARgBsAG8AdwAgAFQAcgBlAGUAcwAgAEEAIABUAGUAYwBoAG4AaQBxAHUAZQAgAGYAbwByACAASQBkAGUAbgB0AGkAZgB5AGkAbgBnACAAYQBuAGQAIABBAG4AYQBsAHkAegBpAG4AZwAgAEMAbwB2AGUAcgB0ACAAUwB0AG8AcgBhAGcAZQAgAEMAaABhAG4AbgBlAGwAcwAuAHAAZABmAA8ADgAGAE0AYQByAGwAaQBuABIAkFVzZXJzL3NlYW4vRG9jdW1lbnRzL1NlY3VyaXR5L1BhcGVycy9Qb3JyYXNLZW1tZXJlci0xOTkxLUNvdmVydCBGbG93IFRyZWVzIEEgVGVjaG5pcXVlIGZvciBJZGVudGlmeWluZyBhbmQgQW5hbHl6aW5nIENvdmVydCBTdG9yYWdlIENoYW5uZWxzLnBkZgATAAEvAAAVAAIAC///AACABdIcHR4fWCRjbGFzc2VzWiRjbGFzc25hbWWjHyAhXU5TTXV0YWJsZURhdGFWTlNEYXRhWE5TT2JqZWN0XxCBLi4vLi4vLi4vLi4vLi4vUGFwZXJzL1BvcnJhc0tlbW1lcmVyLTE5OTEtQ292ZXJ0IEZsb3cgVHJlZXMgQSBUZWNobmlxdWUgZm9yIElkZW50aWZ5aW5nIGFuZCBBbmFseXppbmcgQ292ZXJ0IFN0b3JhZ2UgQ2hhbm5lbHMucGRm0hwdJCWiJSFcTlNEaWN0aW9uYXJ5EgABhqBfEA9OU0tleWVkQXJjaGl2ZXIACAARABYAHwAoADIANQA6ADwARQBLAFIAXQBlAGwAbwBxAHMAdgB4AHoAfACGAJMAmACgA1YDWANdA2YDcQN1A4MDigOTBBcEHAQfBCwEMQAAAAAAAAIBAAAAAAAAACgAAAAAAAAAAAAAAAAAAARD},
  date-added = {2010-01-13 16:09:52 -0800},
  date-modified = {2010-01-13 16:09:52 -0800}
}

@INPROCEEDINGS{Sandler:2008aa,
  author = {Daniel Sandler and Kyle Derr and Scott Crosby and Dan S. Wallach},
  title = {Finding the Evidence in Tamper-Evident Logs},
  booktitle = {Proceedings of the 2008 Third International Workshop on Systematic
	Approaches to Digital Forensic Engineering},
  year = {2008},
  pages = {69--75},
  date-added = {2010-01-15 14:37:50 -0800},
  date-modified = {2010-01-15 14:38:46 -0800}
}

@CONFERENCE{SGLS1977,
  author = {Marv Schaefer and Barry Gold and Richard Linde and John Scheid},
  title = {Program Confinement in {KVM}/370},
  booktitle = {{{P}roceedings of the 1977 {ACM} Annual Conference}},
  year = {1977},
  pages = {404--410},
  month = oct,
  date-added = {2010-01-13 16:10:00 -0800},
  date-modified = {2010-01-13 16:10:00 -0800}
}

@ARTICLE{Schneier1999-2,
  author = {Bruce Schneier and John Kelsey},
  title = {Secure Audit Logs to Support Computer Forensics},
  journal = {ACM Transactions on Information and System Security (TISSEC)},
  year = {1999},
  volume = {2},
  pages = {159--176},
  number = {2},
  month = may,
  bdsk-file-1 = {YnBsaXN0MDDUAQIDBAUIJidUJHRvcFgkb2JqZWN0c1gkdmVyc2lvblkkYXJjaGl2ZXLRBgdUcm9vdIABqAkKFRYXGyIjVSRudWxs0wsMDQ4RFFpOUy5vYmplY3RzV05TLmtleXNWJGNsYXNzog8QgASABqISE4ACgAOAB1lhbGlhc0RhdGFccmVsYXRpdmVQYXRo0hgNGRpXTlMuZGF0YU8RAkYAAAAAAkYAAgAABk1hcmxpbgAAAAAAAAAAAAAAAAAAAAAAAAAAAMY6a5RIKwAAAARJAR9TY2huZWllcktlbHNleS0xOTk5LVMjNDQ5MDUucGRmAAAAAAAAAAAAAAAAAAAAAAAAAAAAAAAAAAAAAAAAAAAABEkFsvb2ggAAAAAAAAAAAAUAAgAACSAAAAAAAAAAAAAAAAAAAAAGUGFwZXJzABAACAAAxjrOBAAAABEACAAAsvdnAgAAAAEAFAAESQEAAs0iAAJ0rwAAWmoAAFdfAAIAS01hcmxpbjpVc2VyczpzZWFuOkRvY3VtZW50czpTZWN1cml0eTpQYXBlcnM6U2NobmVpZXJLZWxzZXktMTk5OS1TIzQ0OTA1LnBkZgAADgCQAEcAUwBjAGgAbgBlAGkAZQByAEsAZQBsAHMAZQB5AC0AMQA5ADkAOQAtAFMAZQBjAHUAcgBlACAAQQB1AGQAaQB0ACAATABvAGcAcwAgAHQAbwAgAFMAdQBwAHAAbwByAHQAIABDAG8AbQBwAHUAdABlAHIAIABGAG8AcgBlAG4AcwBpAGMAcwAuAHAAZABmAA8ADgAGAE0AYQByAGwAaQBuABIAbFVzZXJzL3NlYW4vRG9jdW1lbnRzL1NlY3VyaXR5L1BhcGVycy9TY2huZWllcktlbHNleS0xOTk5LVNlY3VyZSBBdWRpdCBMb2dzIHRvIFN1cHBvcnQgQ29tcHV0ZXIgRm9yZW5zaWNzLnBkZgATAAEvAAAVAAIAC///AACABdIcHR4fWCRjbGFzc2VzWiRjbGFzc25hbWWjHyAhXU5TTXV0YWJsZURhdGFWTlNEYXRhWE5TT2JqZWN0XxBdLi4vLi4vLi4vLi4vLi4vUGFwZXJzL1NjaG5laWVyS2Vsc2V5LTE5OTktU2VjdXJlIEF1ZGl0IExvZ3MgdG8gU3VwcG9ydCBDb21wdXRlciBGb3JlbnNpY3MucGRm0hwdJCWiJSFcTlNEaWN0aW9uYXJ5EgABhqBfEA9OU0tleWVkQXJjaGl2ZXIACAARABYAHwAoADIANQA6ADwARQBLAFIAXQBlAGwAbwBxAHMAdgB4AHoAfACGAJMAmACgAuoC7ALxAvoDBQMJAxcDHgMnA4cDjAOPA5wDoQAAAAAAAAIBAAAAAAAAACgAAAAAAAAAAAAAAAAAAAOz},
  date-added = {2010-01-14 08:37:02 -0800},
  date-modified = {2010-01-14 08:37:02 -0800},
  keywords = {forensic}
}

@INPROCEEDINGS{Templeton:2000aa,
  author = {Steven J. Templeton and Karl Levitt},
  title = {A Requires/Provides Model for Computer Attacks},
  booktitle = {Proceedings of the 2000 New Security Paradigms Workshop (NSPW)},
  year = {2000},
  pages = {31--38},
  date-added = {2010-01-15 14:06:02 -0800},
  date-modified = {2010-01-15 14:07:40 -0800}
}

@INPROCEEDINGS{Valdes:2001aa,
  author = {Al Valdes and K. Skinner},
  title = {Probabilistic Alert Correlation},
  booktitle = {Proceedings of the 2001 Workshop on Recent Advances in Intrusion
	Detection},
  year = {2001},
  date-added = {2010-01-15 14:01:41 -0800},
  date-modified = {2010-01-15 14:02:37 -0800}
}

@INPROCEEDINGS{Wee:1995aa,
  author = {Christopher Wee},
  title = {{LAFS}: A Logging and Auditing File System},
  booktitle = {Proceedings of the 11th Annual Computer Security Applications
	Conference (ACSAC '95)},
  year = {1995},
  pages = {231--240},
  month = dec,
  date-added = {2010-01-15 09:54:38 -0800},
  date-modified = {2010-01-15 09:56:10 -0800}
}

@INPROCEEDINGS{YasBis2008,
  author = {Alec Yasinsac and Matt Bishop},
  title = {Of Paper Trails and Voter Receipts},
  booktitle = {Proceedings of the 2008 Hawaii International Conference on System
	Sciences},
  year = {2008},
  month = jan,
  bdsk-file-1 = {YnBsaXN0MDDUAQIDBAUIJidUJHRvcFgkb2JqZWN0c1gkdmVyc2lvblkkYXJjaGl2ZXLRBgdUcm9vdIABqAkKFRYXGyIjVSRudWxs0wsMDQ4RFFpOUy5vYmplY3RzV05TLmtleXNWJGNsYXNzog8QgASABqISE4ACgAOAB1lhbGlhc0RhdGFccmVsYXRpdmVQYXRo0hgNGRpXTlMuZGF0YU8RAiYAAAAAAiYAAgAABk1hcmxpbgAAAAAAAAAAAAAAAAAAAAAAAAAAAMY6a5RIKwAAAARJAR9ZYXNpbnNhY0Jpc2hvcC0yMDA4LU8jNDRBNDEucGRmAAAAAAAAAAAAAAAAAAAAAAAAAAAAAAAAAAAAAAAAAAAABEpBw+DINAAAAAAAAAAAAAUAAgAACSAAAAAAAAAAAAAAAAAAAAAGUGFwZXJzABAACAAAxjrOBAAAABEACAAAw+E4tAAAAAEAFAAESQEAAs0iAAJ0rwAAWmoAAFdfAAIAS01hcmxpbjpVc2VyczpzZWFuOkRvY3VtZW50czpTZWN1cml0eTpQYXBlcnM6WWFzaW5zYWNCaXNob3AtMjAwOC1PIzQ0QTQxLnBkZgAADgB6ADwAWQBhAHMAaQBuAHMAYQBjAEIAaQBzAGgAbwBwAC0AMgAwADAAOAAtAE8AZgAgAFAAYQBwAGUAcgAgAFQAcgBhAGkAbABzACAAYQBuAGQAIABWAG8AdABlAHIAIABSAGUAYwBlAGkAcAB0AHMALQAwAC4AcABkAGYADwAOAAYATQBhAHIAbABpAG4AEgBhVXNlcnMvc2Vhbi9Eb2N1bWVudHMvU2VjdXJpdHkvUGFwZXJzL1lhc2luc2FjQmlzaG9wLTIwMDgtT2YgUGFwZXIgVHJhaWxzIGFuZCBWb3RlciBSZWNlaXB0cy0wLnBkZgAAEwABLwAAFQACAAv//wAAgAXSHB0eH1gkY2xhc3Nlc1okY2xhc3NuYW1lox8gIV1OU011dGFibGVEYXRhVk5TRGF0YVhOU09iamVjdF8QUi4uLy4uLy4uLy4uLy4uL1BhcGVycy9ZYXNpbnNhY0Jpc2hvcC0yMDA4LU9mIFBhcGVyIFRyYWlscyBhbmQgVm90ZXIgUmVjZWlwdHMtMC5wZGbSHB0kJaIlIVxOU0RpY3Rpb25hcnkSAAGGoF8QD05TS2V5ZWRBcmNoaXZlcgAIABEAFgAfACgAMgA1ADoAPABFAEsAUgBdAGUAbABvAHEAcwB2AHgAegB8AIYAkwCYAKACygLMAtEC2gLlAukC9wL+AwcDXANhA2QDcQN2AAAAAAAAAgEAAAAAAAAAKAAAAAAAAAAAAAAAAAAAA4g=},
  date-added = {2010-01-14 08:34:50 -0800},
  date-modified = {2010-01-14 08:34:50 -0800}
}

@ARTICLE{Yasinsac2008,
  author = {Alec Yasinsac and Matt Bishop},
  title = {The Dynamics of Counting and Recounting Votes},
  journal = {IEEE Security and Privacy Magazine},
  year = {2008},
  volume = {6},
  pages = {22--29},
  number = {3},
  month = {May/June},
  bdsk-file-1 = {YnBsaXN0MDDUAQIDBAUIJidUJHRvcFgkb2JqZWN0c1gkdmVyc2lvblkkYXJjaGl2ZXLRBgdUcm9vdIABqAkKFRYXGyIjVSRudWxs0wsMDQ4RFFpOUy5vYmplY3RzV05TLmtleXNWJGNsYXNzog8QgASABqISE4ACgAOAB1lhbGlhc0RhdGFccmVsYXRpdmVQYXRo0hgNGRpXTlMuZGF0YU8RAkYAAAAAAkYAAgAABk1hcmxpbgAAAAAAAAAAAAAAAAAAAAAAAAAAAMY6a5RIKwAAAARJAR9ZYXNpbnNhY0Jpc2hvcC0yMDA4LVQjNDRBNEEucGRmAAAAAAAAAAAAAAAAAAAAAAAAAAAAAAAAAAAAAAAAAAAABEpKxDeFkgAAAAAAAAAAAAUAAgAACSAAAAAAAAAAAAAAAAAAAAAGUGFwZXJzABAACAAAxjrOBAAAABEACAAAxDfoAgAAAAEAFAAESQEAAs0iAAJ0rwAAWmoAAFdfAAIAS01hcmxpbjpVc2VyczpzZWFuOkRvY3VtZW50czpTZWN1cml0eTpQYXBlcnM6WWFzaW5zYWNCaXNob3AtMjAwOC1UIzQ0QTRBLnBkZgAADgCQAEcAWQBhAHMAaQBuAHMAYQBjAEIAaQBzAGgAbwBwAC0AMgAwADAAOAAtAFQAaABlACAARAB5AG4AYQBtAGkAYwBzACAAbwBmACAAQwBvAHUAbgB0AGkAbgBnACAAYQBuAGQAIABSAGUAYwBvAHUAbgB0AGkAbgBnACAAVgBvAHQAZQBzAC0AMAAuAHAAZABmAA8ADgAGAE0AYQByAGwAaQBuABIAbFVzZXJzL3NlYW4vRG9jdW1lbnRzL1NlY3VyaXR5L1BhcGVycy9ZYXNpbnNhY0Jpc2hvcC0yMDA4LVRoZSBEeW5hbWljcyBvZiBDb3VudGluZyBhbmQgUmVjb3VudGluZyBWb3Rlcy0wLnBkZgATAAEvAAAVAAIAC///AACABdIcHR4fWCRjbGFzc2VzWiRjbGFzc25hbWWjHyAhXU5TTXV0YWJsZURhdGFWTlNEYXRhWE5TT2JqZWN0XxBdLi4vLi4vLi4vLi4vLi4vUGFwZXJzL1lhc2luc2FjQmlzaG9wLTIwMDgtVGhlIER5bmFtaWNzIG9mIENvdW50aW5nIGFuZCBSZWNvdW50aW5nIFZvdGVzLTAucGRm0hwdJCWiJSFcTlNEaWN0aW9uYXJ5EgABhqBfEA9OU0tleWVkQXJjaGl2ZXIACAARABYAHwAoADIANQA6ADwARQBLAFIAXQBlAGwAbwBxAHMAdgB4AHoAfACGAJMAmACgAuoC7ALxAvoDBQMJAxcDHgMnA4cDjAOPA5wDoQAAAAAAAAIBAAAAAAAAACgAAAAAAAAAAAAAAAAAAAOz},
  date-added = {2010-01-14 08:34:53 -0800},
  date-modified = {2010-01-14 08:34:53 -0800}
}

@TECHREPORT{Florida2007,
  author = {Alec Yasinsac and David Wagner and Matt Bishop and Ted Baker and
	Breno de Medeiros and Gary Tyson and Michael Shamos and Mike Burmester},
  title = {Software Review and Security Analysis of the {ES\&S} {iVotronic} 8.0.1.2
	Voting Machine Firmware: Final Report For the {Florida Department
	of State}},
  institution = {Security and Assurance in Information Technology Laboratory, Florida
	State University},
  year = {2007},
  address = {Tallahassee, Florida},
  month = feb,
  bdsk-file-1 = {YnBsaXN0MDDUAQIDBAUIJidUJHRvcFgkb2JqZWN0c1gkdmVyc2lvblkkYXJjaGl2ZXLRBgdUcm9vdIABqAkKFRYXGyIjVSRudWxs0wsMDQ4RFFpOUy5vYmplY3RzV05TLmtleXNWJGNsYXNzog8QgASABqISE4ACgAOAB1lhbGlhc0RhdGFccmVsYXRpdmVQYXRo0hgNGRpXTlMuZGF0YU8RAsoAAAAAAsoAAgAABk1hcmxpbgAAAAAAAAAAAAAAAAAAAAAAAAAAAMY6a5RIKwAAAARJAR9ZYXNpbmFjV2FnbmVyLTIwMDctU28jNDRBMjcucGRmAAAAAAAAAAAAAAAAAAAAAAAAAAAAAAAAAAAAAAAAAAAABEonwgXKrgAAAAAAAAAAAAUAAgAACSAAAAAAAAAAAAAAAAAAAAAGUGFwZXJzABAACAAAxjrOBAAAABEACAAAwgY7LgAAAAEAFAAESQEAAs0iAAJ0rwAAWmoAAFdfAAIAS01hcmxpbjpVc2VyczpzZWFuOkRvY3VtZW50czpTZWN1cml0eTpQYXBlcnM6WWFzaW5hY1dhZ25lci0yMDA3LVNvIzQ0QTI3LnBkZgAADgDoAHMAWQBhAHMAaQBuAGEAYwBXAGEAZwBuAGUAcgAtADIAMAAwADcALQBTAG8AZgB0AHcAYQByAGUAIABSAGUAdgBpAGUAdwAgAGEAbgBkACAAUwBlAGMAdQByAGkAdAB5ACAAQQBuAGEAbAB5AHMAaQBzACAAbwBmACAAdABoAGUAIABFAFMAXAAmAFMAIABpAFYAbwB0AHIAbwBuAGkAYwAgADgALgAwAC4AMQAuADIAIABWAG8AdABpAG4AZwAgAE0AYQBjAGgAaQBuAGUAIABGAGkAcgBtAHcAYQByAGUALgBwAGQAZgAPAA4ABgBNAGEAcgBsAGkAbgASAJhVc2Vycy9zZWFuL0RvY3VtZW50cy9TZWN1cml0eS9QYXBlcnMvWWFzaW5hY1dhZ25lci0yMDA3LVNvZnR3YXJlIFJldmlldyBhbmQgU2VjdXJpdHkgQW5hbHlzaXMgb2YgdGhlIEVTXCZTIGlWb3Ryb25pYyA4LjAuMS4yIFZvdGluZyBNYWNoaW5lIEZpcm13YXJlLnBkZgATAAEvAAAVAAIAC///AACABdIcHR4fWCRjbGFzc2VzWiRjbGFzc25hbWWjHyAhXU5TTXV0YWJsZURhdGFWTlNEYXRhWE5TT2JqZWN0XxCJLi4vLi4vLi4vLi4vLi4vUGFwZXJzL1lhc2luYWNXYWduZXItMjAwNy1Tb2Z0d2FyZSBSZXZpZXcgYW5kIFNlY3VyaXR5IEFuYWx5c2lzIG9mIHRoZSBFU1wmUyBpVm90cm9uaWMgOC4wLjEuMiBWb3RpbmcgTWFjaGluZSBGaXJtd2FyZS5wZGbSHB0kJaIlIVxOU0RpY3Rpb25hcnkSAAGGoF8QD05TS2V5ZWRBcmNoaXZlcgAIABEAFgAfACgAMgA1ADoAPABFAEsAUgBdAGUAbABvAHEAcwB2AHgAegB8AIYAkwCYAKADbgNwA3UDfgOJA40DmwOiA6sENwQ8BD8ETARRAAAAAAAAAgEAAAAAAAAAKAAAAAAAAAAAAAAAAAAABGM=},
  date-added = {2010-01-13 19:09:43 -0800},
  date-modified = {2010-01-13 19:09:43 -0800},
  organization = {Security and Assurance in Information Technology Laboratory, Florida
	State University}
}

@ARTICLE{Zetter:2004aa,
  author = {Kim Zetter},
  title = {E-Vote Firm on the Hot Seat},
  journal = {Wired},
  month = apr,
  year = 2004,
  bdsk-url-1 = {http://www.wired.com/politics/security/news/2004/04/63172},
  date-added = {2010-01-14 09:26:47 -0800},
  date-modified = {2010-01-20 14:20:09 -0800},
  note = {\url{http://www.wired.com/politics/security/news/2004/04/63172}}
}

@ARTICLE{HumboldtBallots,
  author = {Kim Zetter},
  title = {Unique Transparency Program Uncovers Problems with Voting Software},
  journal = {Wired},
  year = {2008},
  month = dec,
  note = {\url{http://www.wired.com/threatlevel/2008/12/unique-transpar/}},
  date-added = {2010-02-01 08:12:42 -0800},
  date-modified = {2010-02-01 08:12:42 -0800}
}

@ARTICLE{Zhou:2007aa,
  author = {Jimmy Zhou and Mark Heckman and Brennen Reynolds and Adam Carlson
	and Matt Bishop},
  title = {Modeling Network Intrusion Detection Alerts for Correlation},
  journal = {ACM Transactions on Information and System Security (TISSEC)},
  year = {2007},
  volume = {10},
  pages = {1--31},
  number = {1},
  month = feb,
  date-added = {2010-01-15 14:07:47 -0800},
  date-modified = {2010-01-15 14:08:56 -0800}
}

@TECHREPORT{DoDAudit:1988aa,
  title = {A Guide to Understanding Audit in Trusted Systems},
  institution = {Department of Defense},
  year = {1988},
  type = {{NCSC}-{TG}-001 Version 2},
  month = jun,
  date-added = {2010-01-14 19:24:23 -0800},
  date-modified = {2010-01-14 19:32:43 -0800}
}

